2952 5080
462 514 499 533 R
553 552 620 593 ιε.
649 549 708 592 1..
745 547 1075 590 nunmmm
1458 524 1596 589 228
2244 542 2493 587 rumas.

556 756 823 819 Dauriae
884 755 948 817 in
972 754 1176 817 ferrea
1203 763 1419 838 patera
1470 773 1663 837 supra
1703 753 1917 837 ignem
1969 748 2136 814 sicca
2164 758 2358 827 tosta,
2409 751 2494 814 fe-

558 886 628 927 re
650 863 886 928 coffeae
915 865 1263 928 Turcarum
1285 862 1365 928 ad
1394 863 1593 927 instar
1617 911 1635 940 ‚
1664 861 1835 948 potui
1867 857 2072 925 calido
2101 860 2447 926 inserviunt
2474 910 2491 937 ‚

560 972 727 1060 quod
760 974 867 1038 vix
894 975 1301 1043 somniassem
1328 994 1635 1058 unquam.

568 1100 573 1103 ·
650 1082 776 1148 Sed
825 1084 984 1147 ohe!
1038 1085 1168 1166 jam
1207 1083 1351 1148 satis
1378 1080 1672 1167 narravi3
1721 1086 2164 1165 tuque'fvereor
2192 1099 2271 1141 ne
2301 1078 2500 1142 lassus

550 1194 687 1279 jam
731 1195 814 1259 sis
844 1192 1138 1282 legendo.
1215 1196 1513 1279 Superest
1550 1202 1758 1257 tamen
1786 1241 1803 1270 ‚
1855 1189 2026 1276 quod
2053 1190 2208 1254 mihi
2234 1191 2502 1254 maxime

561 1304 737 1372 cordi
782 1315 875 1370 est
896 1354 914 1379 ,
957 1306 1237 1390 Capensc
1259 1305 1406 1368 iter.
1452 1340 1543 1351 —
1573 1303 1965 1387 Immortales
2002 1300 2114 1364 tibi
2139 1299 2339 1364 debeo
2368 1304 2505 1386 gra-

519 1456 523 1462 ·
560 1418 676 1483 tias
706 1438 822 1503 pro
855 1438 1044 1503 opera
1061 1467 1078 1494 ,
1110 1437 1301 1502 quam
1321 1416 1388 1478 in
1418 1402 1789 1499 adjurandis'
1819 1414 1974 1478 meis
1997 1410 2319 1476 desideriis
2337 1409 2503 1474 adeo

550 1529 898 1593 liberaliter
948 1528 1443 1611 amicissimeque
1496 1504 1831 1611 promittis.
1911 1525 2138 1609 Neque·
2177 1544 2454 1607 unquam
2479 1573 2497 1601 ‚

564 1637 751 1703 crede
775 1639 929 1701 mihi
945 1688 969 1715 ,
1012 1638 1078 1700 in
1119 1637 1461 1724 gratiorem
1490 1636 1810 1700 hominem
1848 1633 2051 1700 officia
2079 1643 2297 1698 mutua
2324 1635 2507 1698 collo·

564 1745 759 1810 cabis.
812 1745 937 1811 Sed
970 1747 1115 1809 nolo
1155 1745 1221 1807 in
1252 1754 1646 1809 antecessum
1689 1745 1991 1810 verbosus
2021 1743 2383 1829 promittere
2405 1742 2508 1806 ὀἱ-

562 1856 704 1921 ficia
720 1906 737 1934 ‚
756 1902 757 1905 κ
776 1878 937 1942 quae
967 1878 1035 1919 re
1058 1856 1335 1941 perfecta
1364 1856 1514 1921 actis
1540 1856 1750 1941 potius
1781 1855 2157 1942 praestanda
2187 1855 2341 1919 mihi
2370 1875 2508 1940 pro·
2603 1870 2606 1875 ·

562 1990 728 2052 pono
750 1994 774 2051 ¹3
832 1969 1041 2069 itaque
1094 1968 1457 2052 simpliciter
1510 1968 2031 2054 obligatissimum
2077 1968 2201 2032 tibi·
2221 1969 2509 2032 animum

563 2078 822 2143 testifico
854 2088 917 2142 et
953 2077 1037 2142 ad
1074 2100 1210 2142 rem
1227 2080 1431 2164 ipsam
1457 2077 1765 2164 procedo.
1830 2080 2112 2142 Primum
2137 2078 2508 2164 aperiendus
2621 2117 2640 2127 -

562 2189 675 2254 tibi
697 2190 945 2254 animus
970 2210 1146 2283 meus
1160 2239 1183 2267 ,
1214 2198 1536 2275 statusque
1555 2212 1839 2256 mearum
1858 2212 2095 2254 rerum.
2129 2191 2324 2255 Matre
2344 2211 2511 2252 mor-

562 2310 670 2365 tua
697 2352 713 2379 ‚
750 2301 927 2386 cujus
957 2302 1198 2364 senium
1229 2301 1336 2365 vix
1362 2302 1620 2388 longam
1650 2302 2010 2366 vitalitatem
2043 2300 2379 2384 promittit,
2416 2320 2508 2362 re-

567 2410 694 2475 diet
723 2410 805 2475 ad
834 2433 936 2475 me
967 2409 1336 2475 tantundem
1375 2409 1456 2474 ad
1493 2412 1820 2475 minimum
1841 2460 1856 2489 ‚
1902 2418 2205 2495 quantum
2239 2410 2307 2472 in
2331 2409 2513 2473 itine-

565 2542 634 2585 re
667 2572 684 2599 ,
738 2544 852 2607 per
879 2523 1125 2608 largum
1152 2572 1168 2599 ‚
1219 2543 1345 2608 que
1377 2523 1558 2586 fruor
1586 2574 1603 2602 ‚
1662 2519 2041 2608 stipendium
2072 2521 2297 2607 collegi
2320 2542 2517 2607 pecu-

566 2634 731 2697 niae.
791 2635 1096 2699 Universa
1116 2634 1277 2698 forte
1301 2656 1567 2722 summa,
1601 2657 1792 2721 quam
1818 2635 2138 2721 propriam
2155 2642 2307 2698 tunc
2317 2635 2515 2719 possi-

569 2742 733 2809 debo
753 2757 787 2823 ,'
807 2744 889 2809 ad
919 2746 1111 2809 millia
1135 2746 1383 2810 circiter
1412 2745 1748 2811 duodecim
1773 2747 1874 2811 vel
1903 2747 2091 2832 paulo
2109 2746 2276 2809 ultra
2319 2746 2516 2830 Impe-

568 2857 813 2920 rialium
845 2857 1347 2943 germanicorum
1376 2855 1698 2944 (antiquae
1728 2854 2058 2942 pecuniae)
2087 2853 2338 2920 redibit.
2372 2853 2513 2921 Vel·

567 2968 692 3028 lem
715 2967 923 3051 itaque
947 2967 1221 3050 primum
1247 2967 1532 3030 omnium
1559 2987 1743 3029 nosse
1772 3016 1789 3042 ‚
1850 2986 1929 3028 an
1961 2965 2039 3027 sit
2061 2965 2126 3027 in
2157 2964 2370 3050 Capite
2397 2964 2513 3029 Bo-

572 3094 690 3137 nae
745 3076 890 3159 Spei
928 3076 1223 3160 pecunias
1248 3073 1511 3142 >locandi
1538 3076 1784 3142 occasio
1826 3085 1889 3139 et
1913 3073 2177 3141 facultas
2208 3096 2428 3140 secura
2455 3083 2517 3139 et

460 3253 469 3256 ⁷
575 3185 773 3269 qualis
804 3182 1077 3269 reditus3
1108 3196 1474 3273 quantoque
1503 3183 1713 3250 red-:itu
1741 3187 1933 3250 homo
1963 3186 2096 3249 sine
2125 3184 2298 3250 omni
2327 3185 2478 3254 luxu
2495 3231 2512 3260 ‚

574 3318 613 3359 a
662 3318 803 3381 quo·
829 3294 967 3380 jam
1019 3307 1186 3362 aetas
1238 3318 1342 3362 me
1395 3297 1708 3373 removit,
1777 3297 1993 3362 vivens
2023 3347 2040 3374 ,
2101 3298 2360 3362 honeste
2386 3314 2517 3359 sese

576 3411 919 3471 sustentare
960 3417 1192 3493 posset.
1229 3408 1447 3494 Itaque
1472 3410 1596 3472 hoc
1621 3427 1933 3494 perpenso
1953 3459 1968 3483 ‚
1994 3406 2312 3494 judicabis
2340 3408 2472 3493 ipse
2495 3456 2513 3484 ‚

578 3539 655 3582 an
687 3520 921 3603 possim
950 3520 1039 3583 ibi
1065 3520 1189 3584 loci
1223 3521 1354 3584 sine
1386 3542 1649 3586 munere
1660 3521 1872 3597 vivere
1891 3570 1908 3599 ‚
1937 3519 2382 3606 quodpropter
2403 3528 2522 3582 stu—

577 3625 680 3690 dia
712 3637 897 3712 atque
927 3628 1357 3694 valetudinem·
1374 3623 1761 3715 praeferrem
1792 3681 1809 3707 ‚
1847 3651 1963 3700 nec
1986 3652 2065 3693 ne
2091 3631 2123 3693 ’ἶ
2194 3632 2259 3694 Si
2274 3628 2522 3713 judica-

576 3737 739 3799 veris
770 3745 871 3800 me
901 3747 1071 3801 certo
1100 3741 1402 3825 pecuniae
1434 3761 1612 3804 meae
1643 3739 1851 3805 reditu
1886 3741 2095 3805 vivere
2126 3761 2251 3804 non
2285 3760 2468 3825 posse
2497 3789 2515 3818 ‚

576 3856 727 3909 tunc
755 3844 835 3908 de
866 3867 1144 3920 munere,
1182 3847 1353 3932 quod
1375 3850 1527 3912 mihi
1562 3860 1723 3913 esset
1750 3850 2129 3937 eligendum,
2162 3866 2224 3912 te
2245 3848 2522 3912 amicum

580 3963 642 4016 et
677 3955 984 4020 fautorem
1022 3956 1325 4041 optimum
1353 4010 1369 4037 ‚
1410 3961 2085 4048 generosissimumque
2115 3970 2177 4025 et
2207 3958 2520 4046 sapientis·
