2952 5080
470 545 523 588 s.
562 543 892 588 scamno
1373 521 1505 588 237
2039 514 2042 519 ⁴
2161 541 2405 586 rums.
2453 538 2458 543 ·

468 751 590 815 tior
616 772 769 817 vero
794 802 810 830 ‚
865 761 928 815 et
948 750 1268 836 procerior
1292 796 1310 823 ,
1371 769 1712 834 macroque
1741 748 1884 819 licet
1914 749 2047 812 solo
2072 784 2094 827 ‚·
2143 752 2414 816 maxime

468 863 788 926 luxurians
832 871 925 925 est
963 858 1193 925 Urtzba
1220 859 1598 923 cannabina
1631 858 1895 923 Sibirioa
1923 852 2164 945 nostras
2183 911 2199 939 ,
2235 859 2414 946 cujus

414 1022 417 1027 .
469 971 658 1034 etiam
683 971 788 1035 fila
819 971 1016 1033 multo
1045 977 1191 1032 sunt
1218 969 1533 1033 tenaciora
1546 1018 1562 1046 ‚
1599 977 1662 1030 et
1689 968 2027 1054 pulcriora.
2076 966 2284 1032 Radix
2315 992 2417 1035 au·

469 1092 596 1146 tem
623 1091 927 1168 perennat
955 1090 1019 1144 et
1053 1080 1332 1144 luxuriat
1359 1078 1706 1144 stolonibus
1736 1129 1752 1157 ,
1795 1080 2055 1166 ipsaque
2085 1098 2153 1143 se
2182 1101 2298 1165 per
2328 1103 2416 1146 se-

364 1269 371 1274 ·
471 1194 640 1258 mina
668 1195 937 1257 immane
969 1201 1274 1278 quantum
1303 1199 1613 1278 propagat
1652 1191 1867 1277 planta
1889 1241 1906 1269 ,
1963 1200 2035 1255 ut
2073 1212 2257 1257 usum
2285 1193 2419 1258 sine

472 1305 644 1368 omni
667 1306 917 1368 cultura
939 1312 1256 1390 praestare
1280 1311 1518 1388 posset.
1907 1302 1910 1307 ’

559 1412 750 1478 Rhus
781 1410 1053 1483 Cotinus
1080 1412 1148 1475 in
1183 1411 1388 1476 arenis
1417 1412 1579 1476 laete
1613 1411 1873 1488 crescit,
1923 1419 1986 1475 et
2016 1418 2211 1497 quum
2239 1427 2417 1498 prae-

471 1522 617 1587 beat
658 1524 808 1614 {olia
850 1530 913 1586 et
956 1523 1162 1606 virgas
1206 1543 1322 1607 pro
1362 1520 1530 1594 flavo
1579 1522 1787 1617 colore
1815 1571 1831 1599 ,
1869 1531 1931 1584 et
1974 1544 2094 1608 pro
2122 1519 2418 1608 parandis

473 1635 657 1697 coriis
683 1682 700 1707 ,
737 1653 898 1718 quae
920 1629 1166 1718 Saffian
1189 1640 1519 1709 vocantur,
1562 1634 2135 1715 praestantissima,
2164 1633 2416 1697 utilissi-

472 1765 648 1807 mum
695 1734 1021 1807 arbustum
1039 1747 1051 1832 ⁵.
1067 1743 1135 1806 in
1174 1743 1500 1807 maritimis
1531 1743 1752 1807 vestris
1784 1742 2210 1808 commendari
2235 1765 2417 1829 posse

474 1852 665 1917 credo
693 1902 711 1931 ‚
749 1853 994 1918 climate
1024 1862 1192 1916 certe
1221 1874 1351 1917 non
1372 1853 1749 1940 refragante.

560 1965 753 2029 Plura
791 1963 1152 2051 hujusmodi
1201 1965 1266 2027 in
1297 1974 1626 2050 posterum
1667 1973 1975 2048 exspecta.
2047 1963 2229 2029 Nunc
2272 1966 2417 2032 vale

472 2082 547 2140 et‘
575 2075 827 2140 Parenti
872 2084 980 2139 tuo
1032 2060 1391 2139 venerando
1434 2084 1623 2161 atque
1652 2075 1877 2138 illustri
1926 2073 2249 2138 sanitatem
2279 2072 2419 2139 diu-

472 2197 724 2252 turnam
776 2186 918 2253 meo
970 2189 1221 2252 nomine
1271 2206 1612 2274 apprecare
1641 2237 1657 2265 ,
1717 2208 1818 2251 me
1868 2208 2019 2252 vero
2068 2184 2419 2275 diligere'in

472 2309 791 2385 posterum
819 2321 1013 2387 perge
1046 2309 1108 2363 et
1134 2300 1501 2387 praesertim
1544 2300 1787 2363 Insecta
1830 2308 2169 2394 memento.
2263 2298 2419 2366 Vale

474 2394 759 2478 athletice
788 2414 1043 2498 Petrop.
1078 2411 1147 2477 d.
1186 2417 1273 2502 323-
1305 2410 1479 2499 Aug.
1521 2411 1732 2495 1776..
1778 2478 1783 2484 ,

568 2741 659 2822 14.
793 2740 1066 2800 Illustri
1106 2738 1706 2800 ac'Celeherrimo
1735 2738 2100 2813 Botanico‚
2201 2743 2204 2750 '

762 2844 1052 2903 Patrono
1103 2861 1222 2902 suo
1263 2839 1642 2923 plurimum
1685 2834 2133 2914 Venerand03

930 2966 1083 3037 Duo.
1128 2980 1400 3068 JoANNJ
1441 2975 1871 3035 BURMANNO
1897 3009 1920 3046 ‚

897 3092 1160 3152 Salutem
1186 3091 1541 3176 diuturnam
1569 3087 1985 3162 etfilicitatom

1185 3216 1255 3269 P.
1294 3214 1357 3270 s.
1392 3177 1699 3269 rums.

478 3374 651 3474 Jam
693 3406 883 3473 credo
920 3405 1002 3471 ad
1043 3415 1104 3469 te
1140 3404 1498 3491 pervenisse
1536 3421 1652 3486 per
1681 3398 1957 3464 novellas
1998 3394 2279 3479 publicas
2326 3394 2419 3459 fa-v

478 3543 646 3586 mam
676 3518 755 3583 de
775 3517 1055 3603 jubilaeo
1094 3512 1556 3580 semisaeculari
1579 3560 1596 3590 ‚
1627 3505 1799 3594 quod
1839 3503 2180 3570 Academia
2204 3505 2420 3568 Petro-

476 3633 750 3719 politana
792 3650 995 3713 nuper
1035 3625 1297 3690 solemni
1329 3630 1644 3688 coaventu
1674 3617 2033 3683 celebravit.
2106 3615 2428 3682 Condeco·

476 3755 609 3809 rata
628 3754 776 3808 tunc
795 3740 915 3804 fuit
940 3739 1362 3803 Borussorum
1390 3732 1585 3819 Regis
1609 3739 1795 3817 atque
1825 3726 2036 3813 magni
2049 3727 2239 3791 Ducis
2264 3728 2431 3791 Ros-

480 3854 626 3918 siaoi
668 3855 830 3917 inter
868 3847 1207 3914 honoraria
1265 3864 1378 3909 sua
1438 3840 1726 3905 membra
1783 3838 2137 3903 accessione
2164 3887 2181 3916 ‚
2228 3836 2419 3922 pluri·

478 3986 738 4050 mosque
791 3962 1044 4050 Imperii
1085 3978 1376 4046 proceres
1424 3953 1543 4020 sibi
1574 3950 1869 4054 nescivit.
1936 3947 2062 4015 Sed
2086 3949 2281 4035 magis
2310 3948 2414 4013 ad-
