2952 5080
486 554 550 595 ιτ.
581 554 642 595 ι.
660 552 1010 603 „nunmnno
1367 531 1494 596 26}
1513 526 1528 547 ‘
2079 548 2425 593 mumanae.

487 770 622 824 tum
651 755 1036 824 ‘exoticamm
1066 767 1234 822 tomo
1259 759 1303 821 5
1326 758 1739 836 ‚observatae
1760 733 1908 820 sunt
1928 757 2033 820 vel
2051 756 2380 821 adnotatae
2401 756 2424 839 '3

491 870 787 956 quodq‘ue
819 876 959 934 non*
972 890 1210 956 paucae
1233 869 1356 934 sint
1379 920 1394 948 ,
1432 891 1588 955 quas
1616 891 1763 935 cum
1784 865 2433 952 adjacentibusregio-

489 981 675 1044 nibus
716 980 973 1060 Indiae,
1021 981 1255 1045 Chinae
1282 1030 1300 1060 ,
1349 981 1665 1046 Tartariae
1687 1031 1704 1060 ‚
1742 981 1938 1043 immo
1968 985 2114 1042 cum
2143 978 2280 1062 ipsa
2303 978 2435 1041 *Eu-

487 1112 644 1178 ropa
660 1089 1024 1155 etAmerica
1049 1090 1337 1177 quoque‘,
1363 1112 1727 1156 communes
1756 1089 2216 1172 habetJaponia
2232 1136 2245 1151 .
2281 1089 2433 1151 Tan·

485 1203 690 1266 tillum
730 1203 872 1267 licet
915 1203 995 1265 sit
1039 1204 1235 1267 hocce
1265 1203 1663 1281 herbarium,
1709 1212 1771 1265 et
1805 1202 1991 1265 totius
2020 1199 2212 1264 modo
2235 1200 2438 1285 prima

487 1314 661 1378 initia
685 1364 703 1391 ‚
771 1314 969 1400 spatio
1015 1312 1284 1378 duarum
1328 1314 1637 1378 mensium
1683 1313 1874 1399 iQue
1907 1314 2279 1398 plerumque
2323 1333 2437 1396 per

484 1424 753 1493 aliorum
783 1423 1064 1489 indoctas
1087 1445 1310 1489 manus
1330 1426 1700 1496 collectum,
1735 1423 2067 1487 adfirmare
2097 1432 2305 1486 tamen
2330 1423 2431 1485 au·-

482 1531 646 1609 deo,
701 1532 876 1618 quod
915 1534 1021 1598 vix
1062 1533 1163 1599 in
1174 1542 1303 1598 tnta
1347 1535 1601 1633 Europa
1638 1536 1838 1609 ullum
1867 1534 2068 1635 rarius
2096 1540 2424 1608 occurrat,

484 1643 780 1729 quodque
821 1645 1117 1730 posthoc
1133 1646 1380 1728 plantae
1401 1646 1438 1709 J
1442 1665 1738 1730 apomcae
1764 1667 2010 1730 semper
2033 1645 2196 1707 erint
2215 1644 2279 1706 in
2304 1644 2430 1705 Eu-

491 1776 646 1840 ropa
673 1754 1062 1837 rarissimae,
1094 1763 1167 1817 ut
1189 1753 1271 1819 ad
1292 1754 1463 1818 hunc
1480 1775 1681 1840 nsque
1708 1752 1876 1816 diem
1904 1755 2183 1818 fuerunt.
2234 1753 2433 1817 Curae

485 1864 640 1930 mihi
663 1866 810 1944 erit,
841 1887 955 1952 per
969 1882 1253 1933 annuum
1271 1866 1774 1961 commorationi?
1792 1866 2390 1965 meaeheictempus
2410 1914 2426 1943 ‚

486 1998 773 2063 parvum.
807 1978 1007 2042 hocce
1051 1978 1415 2043 herbarium
1452 1987 1693 2041 tantum
1732 1976 2042 2064 adaugere
2057 2025 2074 2050 ,
2131 1986 2434 2062 quantum

494 2110 782 2174 unquam
806 2088 944 2153 fieri
964 2098 1209 2176 potest,
1246 2111 1320 2154 ea
1350 2088 1608 2176 quidem
1635 2068 1968 2174 spesfret'us
1983 2138 2002 2165 ‚
2037 2085 2209 2173 quod
2239 2082 2440 2150 faute-

472 2200 671 2264 -ribus
702 2209 765 2264 et
792 2201 1071 2286 patronis
1095 2201 1285 2287 meis,
1314 2201 1519 2286 neque
1550 2209 1807 2265 conatus
1836 2199 1959 2263 mei
1991 2198 2215 2285 ingrati
2235 2198 2435 2274 erint,

489 2330 701 2394 neque
732 2331 850 2397 ego
881 2311 1014 2396 ipse
1041 2310 1341 2377 oblivioni
1372 2308 1662 2379 traditus.
1729 2309 2079 2390 Quotannis
2102 2308 2256 2372 mihi
2281 2328 2442 2371 sem-

484 2426 624 2502 per'
650 2415 832 2485 antea
862 2419 1127 2508 'contigit
1171 2420 1287 2486 tihi
1310 2422 1577 2486 ‘mittere
1625 2442 1704 2484 ex
1754 2418 1933 2484 India
1953 2442 1962 2463 τ
1977 2421 2220 2506 plantas
2246 2438 2441 2495 novas

487 2535 552 2628 et
571 2528 847 2591 rariores
866 2532 895 2611 ς’
918 2529 1057 2613 jam
1080 2554 1232 2598 vero
1256 2555 1335 2598 ex
1364 2533 1584 2598 ultimo
1606 2520 1731 2597 hcc
1752 2533 1983 2620 angulo
2012 2531 2168 2595 nihil
2197 2530 2441 2618 mittere

482 2659 739 2725 possum
754 2689 772 2718 ‚
791 2660 935 2704 cum
952 2642 1268 2705 neminem
1281 2645 1568 2708 noverim
1587 2693 1604 2722 ‚
1626 2644 1734 2729 qui
1748 2645 2076 2708 commissa
2092 2664 2208 2729 pro
2217 2652 2278 2706 te
2296 2692 2312 2720 ‚
2338 2662 2439 2727 pa-

477 2759 659 2815 trone
678 2750 911 2836 optime
928 2800 946 2830 ‚
967 2750 1266 2816 Bataviae
1283 2751 1607 2836 expediat3
1639 2751 1821 2817 doleo
1833 2755 2043 2838 itaque
2064 2802 2079 2831 ,
2100 2751 2272 2838 quod
2295 2761 2437 2814 ante

386 2887 391 2894 ·
476 2861 957 2926 abitummeum
986 2883 1023 2925 e
1047 2862 1275 2948 Capite
1293 2862 1437 2947 Spei
1462 2861 1702 2927 litteras¹
1728 2872 1865 2927 tuas
1891 2884 2019 2927 non
2044 2862 2428 2946 acceperim,

476 2972 814 3056 praecipue
846 2992 995 3036 cum
1034 2992 1289 3060 quoque
1306 2971 1582 3035 nesciam
1600 3021 1617 3051 ,
1664 2993 1754 3036 an¹
1769 2993 1844 3037 ea
1867 3022 1884 3051 ‚
1928 2991 2087 3058 quae
2113 2980 2256 3036 ante
2278 2969 2436 3036 duos

497 3101 693 3146 annos
711 3081 795 3147 ad
818 3091 879 3148 te
900 3083 1065 3161 misi,
1087 3083 1204 3148 rite
1225 3081 1617 3149 advenerint.
1644 3080 1810 3148 Ante
1828 3106 2017 3171 quam
2031 3084 2184 3169 Cap.
2198 3083 2322 3148 hoc
2344 3105 2445 3146 an-

477 3214 565 3257 no
582 3193 833 3280 reliqui3
848 3195 1221 3261 fasciculum
1235 3196 1595 3280 plantarum
1616 3245 1631 3273 ,
1660 3192 2058 3260 eforicanis
2074 3203 2241 3259 certe
2251 3194 2442 3257 iaris-
2531 3197 2536 3202 ’

481 3301 818 3386 simarum,
872 3326 1000 3369 non
1032 3303 1564 3393 adglutinatamm
1585 3354 1601 3383 ‚
1637 3305 1780 3368 misi
1807 3305 1994 3370 simul
2026 3305 2176 3389 cum'
2196 3297 2438 3388 scriptis

479 3412 700 3477 litteris
718 3413 804 3479 ad
827 3424 923 3495 te,
950 3426 1212 3502 patrone
1237 3417 1467 3503 optime
1494 3468 1511 3496 ‚
1537 3413 1831 3502 sperans,
1862 3412 2038 3501 quod
2040 3413 2179 3499 jam
2195 3413 2438 3479 dudum

483 3523 566 3590 ad
591 3547 816 3589 manus
841 3535 981 3591 tuas
1011 3528 1127 3591 rite
1152 3525 1577 3614 peruenerint.
1654 3527 2013 3613 Insequenti
2043 3547 2207 3590 anno
2235 3577 2251 3606 ‚
2288 3524 2437 3589 dum

482 3622 834 3700 sinedubio
868 3636 951 3702 ad
976 3639 1299 3704 Bataviam
1332 3649 1396 3703 et
1425 3640 1640 3703 forsan
1664 3636 2094 3722 adaeEuropam
2119 3645 2429 3711 reverton‘‚

482 3748 856 3818 herbarium
891 3750 929 3813 J
933 3750 1268 3835 aponicum
1292 3759 1499 3813 tecum
1534 3747 2013 3813 communicabo
2046 3756 2107 3811 et
2137 3749 2187 3811 si
2209 3749 2342 3833 ipse
2374 3769 2448 3812 oo

491 3867 774 3947 tempore
799 3882 928 3925 non
952 3861 1020 3924 in
1044 3861 1364 3945 Europam
1389 3860 1645 3925 redeam
1667 3911 1683 3940 ‚
1719 3862 1930 3924 tamen
1954 3860 2217 3923 mittam.
2269 3859 2445 3922 Plan-

483 3969 564 4033 tis
595 3963 871 4046 herbarii
891 4025 907 4054 ,
954 3995 1109 4061 quas
1157 3973 1285 4039 hac
1318 3961 1645 4037 occasion'e
1672 3974 1881 4050 mitto,
1923 3971 2161 4036 semina
2185 3971 2445 4035 'nonnul-
