2952 5080
435 560 731 606 ιιιιιιιιιο,
909 599 915 605 .
1357 545 1438 610 17
1882 567 1937 609 ι.
1972 564 2361 612 numanus.

434 769 602 835 tione
650 768 719 830 in
739 764 970 831 ultimis
982 768 1106 833 tuis
1128 764 1434 853 indicata3
1488 766 1571 833 de
1574 769 1849 857 reliquis
1872 772 1962 837 sio
1979 793 2243 862 pergere
2262 794 2363 841 ve·

430 880 542 957 lis,
574 877 775 943 etiam
789 885 991 964 atquo.
1003 878 1190 943 etiam
1209 901 1410 967 rogo.

484 988 778 1061 Valeas,
827 988 980 1053 mihi
1012 991 1449 1055 -amantissime
1491 981 1804 1065 Linnaee
1864 1011 2094 1078 meque
2122 995 2365 1081 saepius

430 1099 550 1162 tuis
598 1098 875 1164 exhilara
896 1149 915 1177 ,
968 1100 1101 1186 qui·
1114 1123 1410 1167 moerore
1444 1102 1690 1190 penitus
1742 1100 2006 1169 obrutus
2044 1123 2187 1168 sum
2218 1125 2370 1189 prae

432 1210 973 1275 contumacissimo
1016 1220 1081 1276 et
1096 1290 1103 1295 .
1118 1210 1449 1308 dolorifioo
1492 1213 1914 1281 charissimae,
1935 1233 2112 1278 meae
2153 1213 2368 1279 uxoris

431 1319 688 1399 morbot,
750 1322 860 1408 qui
910 1324 1097 1388 nullis
1149 1326 1455 1391 auscultat
1491 1322 1822 1404 remediis,
1882 1345 2003 1391 noo
2019 1370 2038 1404 ,
2094 1334 2322 1392 vereor
2343 1373 2363 1405 ,

431 1430 814 1519 subigendas
836 1434 977 1498 erit.
1027 1435 1264 1501 Iterum
1292 1437 1500 1502 valeas
1524 1456 1670 1503 oum
1694 1435 2062 1503 suavissima
2087 1442 2197 1499 tua
2221 1455 2364 1500 oon·

419 1538 574 1630 juge
597 1552 658 1607 et
687 1544 1051 1611 charissima
1081 1546 1338 1612 familia.
1394 1594 1401 1613 .«

785 1657 1151 1743 Rapti=m22
1176 1656 1350 1747 Aug.
1387 1660 1585 1727 1757.
1797 1714 1802 1721 .
1949 1714 1952 1721 .
2003 1708 2022 1721 ..
2229 1706 2254 1717 ..

514 1766 591 1829 Ρ.
614 1767 691 1832 8.
734 1767 847 1832 8ἰ“
827 1770 1164 1856 maginem
1184 1780 1356 1836 tuam
1378 1770 1574 1835 simul
1587 1767 1739 1835 mihi
1765 1767 2007 1834 mittere
2029 1706 2218 1838 velis,
2242 1770 2368 1852 qua

426 1898 573 1941 oum
606 1877 813 1943 taedio
843 1878 1176 1959 destituor,
1211 1893 1284 1947 ut
1314 1883 1567 1967 saepius
1597 1892 1660 1947 te
1682 1882 1749 1945 in
1778 1900 2034 1946 musaeo
2055 1899 2205 1944 eum
2231 1878 2370 1942 reli·

427 1986 567 2071 quis
610 1987 925 2052 Botanieis
970 1990 1199 2053 intueri
1248 1992 1485 2076 possim
1500 2038 1520 2064 ,
1572 1992 1692 2055 erit
1723 1991 1879 2055 mihi
1906 1988 2363 2075 gratissimum3

422 2114 544 2181 ego
571 2078 780 2162 meam
808 2118 1115 2165 renovare
1138 2099 1354 2165 curavi
1368 2148 1388 2173 ‚
1425 2118 1616 2185 quam
1631 2099 1833 2164 simul
1854 2098 2090 2166 addam
2109 2098 2369 2164 fascicu-

422 2206 486 2270 lo
513 2215 715 2275 sexto.

458 2442 461 2449 ⁸
516 2482 613 2523 10·
848 2435 857 2445 ”
1013 2480 1288 2539 JOANNI
1350 2462 1812 2560 BURMANN'O·
1877 2490 1884 2499 ·
1953 2450 1959 2459 ”

666 2595 675 2600 ”
931 2460 1001 2686 (
1175 2608 1243 2661 c.
1270 2587 1795 2687 LmNAEus.(*)

423 2714 920 2838 pulcherrimas
946 2746 1076 2811 imo
1124 2744 1462 2833 stupendas
1494 2746 1737 2831 plantas
1773 2754 1914 2810 tuas
1939 2741 2249 2831 Capenses
2279 2742 2363 2807 vi-

422 2846 490 2915 di
522 2862 586 2917 et
630 2854 961 2942 obstupui3
1008 2854 1211 2943 primo
1260 2854 1365 2922 die
1392 2906 1410 2936 ‚
1460 2876 1588 2942 quo
1618 2855 1834 2940 aooepi
1856 2902 1874 2932 ,
1910 2874 2016 2919 eas
2041 2852 2353 2939 pervolvi,

419 2967 812 3029 examinavi:
1380 2991 1387 2996 ·

502 3130 575 3211 (⁴¹)
618 3134 845 3195 Hancce
866 3134 1157 3219 epistolam
1171 3180 1187 3208 ,
1227 3134 1347 3197 sive'
1367 3133 1551 3218 potius
1571 3132 1836 3218 epistolae
1855 3145 2105 3217 partem,
2149 3128 2359 3214 absque

420 3227 535 3287 nlla
551 3225 812 3311 temporis
833 3275 849 3303 ,
875 3251 985 3313 quo
1011 3230 1217 3312 scripta
1241 3229 1408 3289 fuerit
1422 3275 1438 3302 ,
1461 3228 1800 3289 indicatione
1822 3228 1967 3286 inter
1991 3227 2199 3286 litteras
2221 3226 2360 3286 Lin-

418 3345 658 3383 naeanas
684 3326 930 3408 repperi.
953 3326 1115 3386 Illam
1141 3338 1324 3386 autem
1347 3346 1494 3385 anno
1525 3323 1670 3408 1757
1693 3322 1763 3384 ad
1775 3323 2153 3384 Burmannum
2172 3320 2360 3381 datam

416 3419 585 3480 fisisse
613 3419 885 3480 concludo
914 3443 982 3481 ex
1005 3421 1233 3494 litteris,
1272 3421 1472 3505 quibus
1498 3418 1790 3503 respondit
1811 3414 2244 3488 Burmannusd.
2263 3432 2356 3494 ‚zo

417 3513 572 3596 Sept.
606 3536 627 3573 1
640 3512 779 3596 757.
819 3515 1040 3575 Praeter
1058 3515 1479 3576 illustrationem
1495 3515 1811 3598 plantarum
1830 3511 2165 3595 Capensium
2178 3552 2195 3580 ,
2219 3529 2353 3591 quas

418 3609 577 3692 typis
600 3607 898 3680 mandavi,
938 3608 998 3666 in
1034 3608 1202 3668 hacce
1238 3610 1473 3693 epistola
1511 3609 1698 3692 plures
1726 3606 1910 3667 adhuc
1941 3604 2064 3666 vidi
2093 3623 2352 3664 numeros

420 3724 529 3763 una
575 3725 701 3764 cum
738 3700 1055 3763 nominibus
1092 3703 1406 3785 plantarum
1439 3703 1804 3787 Capensium,
1863 3700 1965 3763 sed
1997 3700 2204 3856 absrcilue
2241 3698 2355 3758 ulla

422 3798 667 3859 ulteriori
703 3799 1085 3859 illustratione.
1167 3799 1387 3858 Haecce
1424 3812 1643 3872 autem,
1683 3810 1880 3882 utpote
1903 3798 2074 3858 Lecto
2150 3793 2353 3856 nullius

422 3890 644 3955 omnino
672 3895 965 3970 momenti,
997 3893 1128 3956 data
1153 3914 1324 3979 opera
1353 3892 1545 3967 omisi,
1576 3843 1727 3976 qdod
1752 3891 1950 3954 eadem
1974 3892 2186 3953 ratione
2209 3904 2266 3953 et
2290 3892 2351 3950 in

419 4001 702 4070 posterum
726 3992 948 4051 faciam.

1653 4056 1674 4078 ⁰
1776 4093 1822 4156 2
