2952 5080
549 548 613 602 ,1.
649 539 979 593 suntme
1372 552 1405 570 *2
1496 525 1547 586 2
1599 600 1604 603 ,
1815 535 1825 549 ’
1875 572 1878 573 ν
2169 546 2488 588 unam.

561 754 713 825 mihi
743 762 838 817 cst
854 802 871 833 ,
901 749 1072 839 quod
1096 750 1193 815 bis
1217 740 1428 817 floruit
1440 772 1514 816 ln
1530 751 1783 838 Europa
1800 757 2143 836 numquam
2161 747 2373 816 audivi
2392 773 2492 817 an-

560 875 682 929 tea.
751 865 817 928 Si
853 864 992 949 quis
1036 861 1316 929 curiosus
1360 862 1700 927 Botanicus
1741 861 1914 926 sitin
1929 861 2283 947 propinquo
2304 909 2321 938 ‚
2367 880 2493 924 non

546 972 776 1039 dubito
789 1022 807 1052 ‚
850 958 1003 1059 quin
1031 968 1420 1047 avidissimus
1444 971 1525 1039 sit
1552 970 1767 1037 videre
1792 972 1909 1046 hos
1934 969 2122 1036 flores
2142 1018 2159 1049 ,
2197 989 2354 1055 quos
2386 989 2495 1033 ne-

559 1105 682 1171 que
710 1085 776 1149 in
800 1081 1091 1148 herbario
1122 1082 1254 1146 ullo
1283 1082 1645 1171 conspicere
1665 1092 1885 1171 queat,
1921 1103 2041 1146 nec
2060 1087 2363 1166 umquam
2384 1079 2494 1144 ali-

555 1216 623 1260 as
652 1193 969 1259 florentes.
1031 1190 1196 1255 Hinc
1231 1190 1430 1255 multo
1459 1193 1666 1257 minus
1692 1190 1913 1257 dubito
1939 1240 1955 1266 ‚
1998 1190 2150 1277 quin
2173 1188 2290 1260 Vir
2321 1184 2493 1253 Celess

510 1310 511 1315 ’
553 1304 862 1370 berrimu's
883 1353 901 1383 ,
944 1312 1017 1367 ut
1056 1323 1208 1388 prae
1249 1302 1504 1388 reliquis
1552 1303 1618 1367 in
1658 1302 1971 1368 Botanicis
2015 1300 2247 1386 sapiat,
2306 1300 2494 1364 etiam

552 1415 821 1481 maxime
868 1411 1246 1479 desiderabit
1297 1403 1513 1480 videre
1557 1413 1755 1481 hocce
1794 1413 1926 1479 fere
1966 1411 2371 1488 miraculum,
2430 1418 2495 1472 et

549 1526 832 1611 *plantam
856 1522 1021 1588 hanc
1045 1523 1465 1608 Zeylonicam.

643 1633 1071 1699 Nobilissimus
1096 1632 1204 1697 D¹¹⁸
1239 1630 1479 1698 Cliffort
1510 1635 1734 1698 salutat
1761 1643 1824 1698 et
1853 1634 2076 1700 invitat
2095 1631 2227 1696 Dum
2254 1629 2493 1694 Profes-

557 1764 764 1810 sorem
782 1795 800 1824 ,
851 1753 924 1809 ut
965 1741 1046 1809 ad
1087 1764 1235 1807 eum
1264 1730 1519 1809 accedat
1561 1730 1704 1809 ante
1736 1740 1905 1809 diem
1935 1745 2080 1809 solis
2096 1793 2113 1824 ,
2167 1751 2303 1806 tum
2331 1720 2505 1804 enini

556 1856 780 1940 abibit3
817 1865 979 1920 esset
1004 1854 1126 1940 ipsi
1154 1864 1404 1942 gratum
1433 1855 1487 1920 si
1508 1857 1618 1920 D¹⁸⁸
1646 1850 1971 1922 Professor
2001 1856 2189 1922 vellet
2204 1855 2345 1919 heic
2360 1858 2495 1939 per-

556 1975 807 2032 noctare
840 1986 986 2030 cum
1016 1965 1192 2031 socio
1220 1966 1322 2032 vel
1352 1965 1536 2030 sociis
1557 2016 1574 2045 ‚
1610 1988 1769 2053 quos
1793 1986 2008 2032 secum
2037 1964 2249 2030 ducat.

643 2074 757 2139 Die
785 2075 1030 2142 veneris
1054 2072 1293 2141 accedit
1323 2075 1432 2138 ΒΜ
1472 2076 1827 2144 Gronovius
1858 2085 1922 2140 et
1950 2075 2235 2139 nonnulli
2264 2074 2391 2136 alii.
2561 2152 2564 2155 Ι

643 2183 813 2265 Quid
837 2183 1084 2250 videtur
1100 2184 1693 2251 Viro-Celeberrimo
1717 2183 1796 2249 de
1820 2183 2079 2249 novellis
2104 2181 2244 2245 his?
2287 2198 2496 2244 annon

553 2303 802 2380 gratum
841 2295 922 2354 sit
951 2293 1294 2357 Maecenati
1326 2315 1469 2358 meo
1485 2344 1501 2373 ‚
1539 2293 1713 2380 quod
1750 2294 1937 2358 Flora
1972 2292 2030 2355 ei
2069 2289 2364 2354 obtulerit
2384 2287 2498 2350 flo-

552 2423 655 2466 res
684 2402 750 2465 in
767 2401 1021 2485 Europa
1043 2402 1414 2469 rarissimos,
1467 2403 1534 2467 Si
1557 2425 1687 2469 non
1708 2403 1905 2479 hocce
1930 2400 2244 2486 specimen
2269 2396 2495 2461 excita-

552 2519 650 2576 ret
691 2507 775 2575 ad
815 2508 1306 2578 continuandum
1349 2521 1411 2577 et
1455 2512 1670 2579 favore
1710 2506 2219 2598 prosequendum
2248 2503 2453 2572 studia
2472 2554 2489 2583 ,

553 2643 672 2711 ego
695 2642 842 2687 sane
867 2623 1076 2689 nescio
1102 2623 1256 2711 quid
1275 2633 1507 2711 posset.

637 2732 774 2819 Ego
813 2734 1093 2822 gratulor
1139 2735 1330 2815 mihi,
1388 2731 1564 2822 quod
1602 2734 1789 2799 Flora
1828 2722 2173 2796 Maecenati
2207 2750 2350 2793 meo
2381 2718 2496 2793 has

551 2840 801 2912 delicias
848 2844 1140 2934 obtulerit
1185 2867 1260 2914 eo
1304 2846 1440 2932 ipso
1489 2864 1654 2911 anno
1679 2893 1698 2923 ‚
1767 2862 1893 2929 quo
1946 2841 2092 2906 heic
2141 2838 2221 2906 de
2267 2837 2493 2925 plantis

556 2954 786 3023 scribo,
870 3031 875 3036 ἢ
1356 3035 1361 3038 ,
2128 3011 2134 3019 ,
2303 2953 2308 2958 ’
2431 2954 2434 2958 ⁴

645 3063 800 3134 Vale
817 3116 835 3145 ,
868 3067 1079 3133 venias
1104 3066 1225 3132 cito
1242 3114 1263 3139 ,
1294 3051 1662 3152 permaneas
1687 3062 1799 3129 diu
1814 3111 1832 3137 ,
1871 3062 2248 3148 abeastsero.
2305 3059 2455 3128 Vale
2471 3107 2491 3136 ‚

554 3175 809 3268 inquam
823 3229 839 3259 ,
873 3180 1070 3244 saluta
1098 3177 1423 3245 Familiam
1445 3186 1721 3242 vestram
1744 3173 2047 3241 nobilem.
2115 3221 2130 3244 .

1262 3288 1457 3356 1736.
1506 3288 1650 3354 Jan.
1680 3286 1796 3354 24.
