2952 5080
505 504 569 546 n.
599 505 660 546 ι.
694 501 1023 546 :mamm
1200 526 1203 527 ν
1406 481 1543 546 264
2094 497 2442 541 rannac.

506 710 657 773 Erat
704 707 960 794 quidem
1003 710 1247 774 animus
1269 710 1393 774 hoc
1419 710 1558 794 ipso
1583 728 1747 772 anno
1776 726 1925 770 cum
1948 704 2216 770 navibus
2237 724 2447 770 rever-

506 802 687 883 tendi„
720 821 786 884 in
825 821 1176 906 Europam3
1231 819 1343 885 sed
1371 818 1587 884 dehita
1613 836 1790 896 mea‚‘
1829 836 2014 903 ‘quae
2041 836 2274 902 magna
2302 834 2451 879 con-

436 956 441 961 ·
506 930 665 994 traxi
684 979 702 1008 ‚
760 950 905 993 cum
949 928 1107 995 adeo
1133 932 1254 995 cito
1279 951 1409 994 non
1432 930 1677 994 solvere
1704 947 1936 1013 queam
1956 974 1974 1004 ,
2022 945 2215 1009 cogor
2244 922 2453 988 adhuc

510 1062 624 1125 per
650 1060 886 1105 annum
908 1062 1161 1107 manere
1179 1042 1245 1105 in
1271 1041 1493 1108 Indiis.
1542 1042 1802 1105 Praeter
1828 1038 1937 1102 illa
1961 1038 2252 1125 collecta,
2292 1055 2453 1120 quae

500 1149 635 1235 jam
652 1152 832 1216 mitto
861 1150 942 1217 ad
968 1154 1222 1216 hortum
1251 1150 1580 1216 medicum.
1596 1160 1659 1214 et
1674 1158 1971 1236 patronos
2001 1168 2175 1211 meos
2191 1197 2208 1225 ,
2264 1147 2452 1211 etiam

511 1261 939 1325 collectionem
988 1264 1342 1347 plantarum
1395 1263 1706 1325 siccarum
1759 1267 1823 1323 et
1870 1257 2111 1342 aliquot
2145 1256 2453 1345 seminum

509 1380 697 1457 atque
716 1416 726 1437 .
745 1373 1126 1438 insectorum
1177 1372 1299 1437 feci
1349 1393 1466 1457 pro
1520 1373 1631 1434 1)·ΕΙο
1644 1420 1658 1435 .
1719 1367 2190 1435 Radermacher
2243 1364 2453 1453 (Raad

511 1502 634 1546 van
665 1463 872 1569 Indie)
891 1534 908 1563 ‚
942 1485 1050 1569 qui
1080 1484 1212 1548 fere
1235 1483 1405 1547 solus
1423 1492 1519 1547 est
1532 1533 1549 1561 ‚
1575 1479 1755 1567 cujus
1783 1482 2000 1546 favore
2031 1487 2095 1543 et
2117 1476 2452 1543 sublevati-

513 1614 633 1658 one
655 1602 1060 1658 nummorum
1081 1604 1510 1659 mutuaturum
1525 1644 1543 1674 ,
1571 1615 1689 1681 ego
1714 1593 1779 1657 in
1804 1601 1971 1657 statu
1993 1589 2085 1655 fui
2099 1610 2237 1679 ¹pro
2256 1589 2365 1652 illo
2393 1597 2456 1655 et

415 1727 423 1734 ·
512 1726 628 1790 pro
682 1703 862 1769 vobis
911 1705 1204 1792 colligere
1249 1706 1316 1770 in
1339 1707 1377 1789 J
1380 1707 1640 1792 aponia3
1677 1705 1854 1770 vivas
1877 1704 2119 1790 plantas
2143 1701 2347 1765 solum
2377 1697 2459 1764 ad

511 1820 622 1878 ves
652 1814 1131 1901 misi‚>plurima
1171 1817 1410 1882 semina
1440 1827 1504 1881 et
1531 1817 1831 1902 plurimas
1851 1815 2045 1880 siccas
2071 1814 2341 1898 plantas,
2367 1845 2455 1857 —

515 1926 702 1991 Hisce
756 1926 974 1990 litteris
1026 1926 1282 2005 includo
1335 1926 1439 1993 ad'
1464 1938 1526 1992 te
1550 1979 1567 2008 ‚
1614 1937 1878 2014 patrone
1924 1926 2155 2013 optime
2173 1975 2190 2003 ,
2253 1922 2458 1989 varias

514 2033 960 2123 descriptiones
990 2037 1552 2126 adnotationesque
1589 2042 1950 2126 plantarum
1971 2035 2419 2123 Japonicarum
2433 2083 2452 2111 ‚

516 2166 672 2230 quas
722 2147 913 2211 variis
958 2131 1395 2214 occaSionibus
1438 2150 1598 2214 feci2
1648 2156 1870 2215 serves
1886 2148 2077 2213 velim
2106 2147 2243 2211 illas
2272 2147 2338 2210 in
2368 2143 2459 2209 tui

514 2278 706 2321 usum
739 2259 989 2344 meique
1019 2254 1412 2325 memoriam.
1495 2262 1591 2323 Ex
1624 2260 1882 2324 annexis
1906 2258 2125 2322 litteris
2151 2255 2233 2320 ad
2262 2258 2452 2319 Dnm.

513 2368 786 2432 Kramer
834 2369 1013 2435 vides
1034 2421 1051 2450 ‚
1110 2392 1211 2435 me
1242 2371 1497 2435 omnino
1539 2391 1666 2434 non
1695 2370 1968 2455 potuisse
1992 2367 2279 2452 excipere
2306 2386 2458 2453 pro-

516 2477 894 2560 positionem
937 2488 1209 2564 vestram
1227 2530 1244 2560 ‚
1301 2484 1632 2566 postquam
1664 2477 1819 2564 Cap.
1855 2486 1920 2543 et
1946 2475 2280 2563 Japoniam
2314 2475 2459 2542 reli-

513 2608 806 2672 queram,
838 2589 1101 2679 jamque
1125 2592 1282 2656 nihil
1303 2591 1504 2679 magis
1527 2590 1834 2670 meditor,
1883 2609 2075 2676 quam
2105 2588 2320 2653 solutis
2349 2587 2458 2653 de·-

513 2698 657 2764 bitis
680 2703 871 2782 meis,
907 2705 1027 2768 iter
1054 2725 1269 2770 meum
1282 2704 1355 2768 in
1384 2705 1731 2791 Europam.
2145 2761 2150 2762 ff
2445 2729 2454 2768 ³

601 2814 725 2878 Per
776 2837 1013 2881 annum
1066 2815 1277 2882 adhuc
1319 2818 1387 2881 in
1430 2816 1627 2882 Indiis
1658 2814 2060 2882 orientalibus
2084 2811 2455 2878 commorari

496 2936 741 3012 'cogor3
771 2926 823 2989 si
849 2948 925 2991 eo
955 2937 1239 3015 tempore
1267 2929 1334 2993 in
1359 2928 1539 2994 India
1562 2928 1862 2994 calidiore
1886 2928 2122 2994 semina
2151 2923 2460 3011 quaedam
2498 2961 2506 2971 ·

510 3036 792 3101 invenire
838 3059 1095 3123 possum
1110 3090 1129 3118 ‚
1188 3062 1266 3105 ea
1297 3049 1465 3105 certe
1495 3062 1623 3105 non
1648 3040 2053 3106 intermittam
2082 3038 2374 3125 colligere
2399 3045 2463 3099 et

511 3166 629 3233 pro
680 3148 865 3213 horto
917 3157 1125 3214 vestro
1162 3170 1438 3215 servare.
1488 3152 1822 3236 Japoniam
1847 3150 2071 3236 reliqui
2099 3148 2275 3211 initio
2301 3149 2456 3213 Dec.

522 3257 696 3326 1776
747 3267 811 3322 ct
859 3259 1185 3326 Bataviam
1230 3258 1457 3326 adveni
1502 3260 1676 3325 initio
1712 3261 1993 3326 Januarii
2023 3261 2219 3328 1777.
2265 3259 2463 3336 ,Hinc

518 3361 808 3433 constitui
841 3368 1017 3433 abire
1054 3369 1137 3435 ad
1161 3391 1301 3435 oras
1326 3371 1667 3436 maritimas
1697 3373 1735 3436 J
1738 3367 1918 3446 avae,
1966 3392 2027 3436 e.
2051 3394 2118 3459 g.
2146 3371 2230 3436 ad
2246 3372 2462 3436 Sama-

516 3502 677 3576 rang
700 3483 803 3546 vel
823 3482 1137 3548 Cheribon
1160 3534 1177 3563 ‚
1201 3493 1264 3548 et
1290 3482 1443 3548 dum
1466 3505 1682 3549 mense
1693 3485 1880 3550 Junio
1899 3481 2088 3570 hujus
2105 3485 2254 3548 anni
2272 3483 2463 3549 redeo

520 3591 865 3667 Bataviam,
884 3593 966 3661 ad
979 3596 1299 3661 Ceilonam
1314 3596 1651 3685 navigandi
1666 3598 1910 3663 animus
1922 3607 2018 3663 est
2033 3647 2049 3677 ,
2066 3598 2177 3662 ubi
2189 3598 2239 3661 si
2252 3598 2336 3661 ita
2344 3597 2464 3659 fert

522 3704 767 3768 occasio
794 3705 1021 3769 vellem
1046 3705 1312 3792 quidem
1336 3729 1451 3793 per
1479 3729 1718 3773 annum
1745 3728 2000 3772 manere
2018 3756 2035 3786 ,
2085 3716 2148 3770 et
2174 3702 2466 3788 reliquias
2493 3757 2499 3772 .

519 3811 863 3877 Hermanni
879 3814 1178 3901 colligere
1194 3865 1211 3894 ‚
1235 3815 1384 3881 inde
1414 3833 1505 3882 a0.
1541 3817 1716 3887 1778
1735 3820 1837 3883 vel
1861 3816 2127 3892 177⁰‚in
2148 3815 2467 3899 Europam

408 3977 412 3986 .
520 3940 885 4016 reversurus
905 3974 922 4004 ‚
969 3934 1112 4009 post
1141 3933 1283 3992 octo
1309 3948 1508 3994 annos
1537 3929 1603 3991 in
1634 3926 1829 3992 Indiis
1859 3931 2223 3993 transactos.
2296 3926 2470 3991 Sala-²
