2952 5080
428 558 468 603 ιι
527 551 980 603 termimum*
1290 532 1465 603 '187
1621 536 1624 539 ’
1887 566 1980 605 2
2047 549 2355 603 ,capranna

511 765 958 851 Exspectamus
982 767 1188 828 autem
1199 761 1323 825 hoc
1346 778 1511 826 anno
1531 758 1832 824 reducem
1850 777 1929 821 ex
1951 757 2221 824 islandia
2241 766 2364 823 stu·

423 874 669 940 diosum
693 878 1049 961 plantarum
1071 873 1269 960 gratia
1295 871 1616 958 superiore
1640 891 1803 935 anno
1826 890 1901 934 eo
1924 870 2223 947 missum,
2241 871 2365 956 qui

422 986 554 1049 sine
604 984 796 1048 dubio
847 1005 1007 1047 non
998 983 1239 1047 solnm
1251 983 1498 1047 s'emina·
1491 980 1653 1046 se'd
1656 982 1992 1046 ot'rvivaoes
2013 981 2255 1066 plantas
2287 1001 2366 1043 ex

418 1093 536 1158 ista
589 1082 934 1179 Norvegiae
980 1092 1292 1158 simillima
1342 1098 1512 1157 terra'
1531 1091 1759 1156 :afferet
1780 1141 1796 1169 ,
1829 1099 2088 1174 tumque
2114 1090 2206 1154 tui
2236 1109 2365 1153 non

421 1204 775 1269 obliviscar.
827 1203 1009 1275 Dabo
1028 1201 1265 1275 ,deinde
1284 1224 1584 1288 operam,
1621 1212 1702 1271 ut
1719 1199 1889 1273 idem
1916 1200 2152 1264 hffomo
2134 1222 2200 1275 ιιι
2228 1221 2366 1286 par-

418 1325 546 1380 tem
568 1317 939 1417 Norvegiae
985 1316 1254 1380 maxime
1302 1314 1627 1380 borealem
1667 1315 1821 1378 mihi
1859 1335 1987 1377 non
2012 1332 2334 1417 accessam
2342 1322 2378 1390 ,’

415 1422 772 1489 Finmarkia
817 1422 1096 1504 dictam,
1147 1445 1338 1535 quam
1377 1422 1638 1512 glaciale
1691 1445 1864 1487 mare
1900 1412 2106 1496 alluit,
2157 1414 2265 1486 aut
2299 1422 2366 1485 ιιι

414 1520 645 1601 insulas
694 1537 1126 1600 Ferroe’nses
1107 1558 1173 1600 ιιι
1229 1528 1465 1601 oceano
1500 1524 1988 1643 septentrionali
2004 1555 2194 1619 supra
2216 1530 2367 1597 Sco-

413 1644 564 1710 tiam
588 1647 732 1710 sitas
759 1646 1073 1724 mittatur,
1084 1640 1381 1739 denique
1403 1644 1731 1712 stationem
1754 1648 1821 1710 in
1844 1636 2155 1732 Nor²vegia
2177 1644 2367 1728 fixam

414 1777 640 1865 operae
686 1758 1035 1843 praemium
1074 1769 1393 1869 reportet,
1444 1760 1512 1823 in
1550 1780 1676 1865 qua
1699 1754 1821 1889 pei·
1850 1762 2041 1865 totam
2072 1752 2366 1891 deinceps
2413 1770 2416 1775 ·

412 1856 606 1931 'vitam
633 1866 800 1931 utilis
824 1869 1011 1932 horto
1044 1863 1218 1955 regio
1251 1890 1386 1934 esse
1408 1878 1686 1954 possets
1935 1884 1940 1887 ’
1983 1882 1994 1893 ’

424 1982 431 1989 ”
498 1960 850 2041 Forskahlii
871 1978 1073 2042 fatum
1099 1979 1285 2042 nosti.
1332 1976 1610 2042 Semina
1635 1976 1769 2063 ejus
1798 1974 1880 2041 ad
1905 1994 2006 2041 me
2034 1954 2210 2042 nulla
2237 1968 2364 2042 alia

408 2070 859 2173 pervenerunt,
892 2081 1013 2153 nisi
1044 2110 1205 2183 quae
1226 2090 1460 2176 pariter
1490 2087 1576 2154 ad·
1599 2105 1713 2154 vos
1733 2097 1796 2152 et
1815 2068 2162 2174 Upsaliam,
2181 2092 2257 2152 et
2283 2085 2368 2173 ad

409 2196 754 2279 Millerum,
792 2196 854 2265 et
868 2196 1228 2295 Jussiaeum
1253 2210 1315 2266 et
1344 2200 1830 2286 Monspelienses
1854 2198 2051 2275 misit,
2081 2207 2145 2261 et
2171 2186 2361 2283 quan-

312 2354 315 2355 ⁷
407 2317 541 2373 tum
584 2328 662 2374 ex
704 2311 943 2376 collatis
978 2288 1223 2376 litteris
1226 2311 1541 2396 intelligo,
1587 2311 1653 2374 in
1678 2309 1990 2374 omnibus
1998 2309 2097 2372 his
2131 2304 2360 2373 dissitis

406 2421 592 2493 locis,
647 2421 776 2486 s'ive
825 2443 985 2507 quae
1013 2438 1335 2497 successus
1359 2431 1580 2487 nactae
1607 2429 1783 2498 sunt,
1833 2421 1963 2484 sive
1977 2432 2150 2505 quae
2182 2408 2359 2504 spem

317 2585 321 2590 .
406 2530 782 2611 fefellerunt,
814 2534 1064 2619 plantae
1090 2533 1349 2600 eaedem
1377 2534 1507 2599 fere
1526 2514 1805 2601 ¹fuerunt.
1842 2530 2191 2617 Supersunt
2210 2530 2358 2660 pau-'

406 2643 687 2708 cissimae
712 2666 946 2722 novae,
978 2666 1247 2730 quarum
1273 2648 1510 2710 semina
1531 2668 1649 2730 pro
1671 2656 1732 2710 te
1757 2663 2080 2732 seponam.
2221 2659 2262 2726 ᾗ
2327 2655 2338 2662 ⁴

495 2754 636 2818 Scio
660 2776 772 2820 vos
801 2755 976 2839 sequi
1003 2755 1244 2840 Royeni
1269 2751 1725 2832 Prodromum,
1756 2765 1818 2818 et
1841 2753 2191 2819 secundum
2218 2745 2352 2848 ejus

350 2871 355 2877 ’
403 2863 772 2930 methodum
810 2865 1116 2929 instruere
1159 2866 1374 2929 hortos
1415 2875 1695 2942 vestr08,
1741 2866 1793 2927 si
1824 2866 2066 2948 plantas
2089 2865 2358 2948 Royeno

404 2994 531 3037 non
556 2971 750 3039 dictas
774 2974 951 3040 vobis
980 2985 1262 3060 acceptas
1278 2969 1426 3040 fore
1460 2974 1719 3042 credere
1741 2975 1996 3053 liceret,
2034 2975 2230 3039 facilis
2256 2971 2351 3039 fo-

403 3093 499 3149 ret
547 3084 821 3150 delectus
873 3085 1229 3172 plantarum
1270 3086 1357 3152 ad.
1388 3110 1502 3155 vos
1544 3086 2042 3169 mittendarum}
2074 3085 2187 3151 sed
2208 3079 2358 3173 post

400 3195 643 3282 Royeni
683 3165 918 3261 librum
949 3196 1186 3263 editum
1216 3199 1496 3264 multae
1475 3222 1544 3263 ιιι
1568 3197 1719 3263 orbe
1741 3198 2031 3263 botanico
2062 3199 2349 3261 innotue-

389 3287 585 3380 'runt,'
614 3303 883 3392 quarum
909 3331 1070 3395 quae
1101 3312 1280 3397 copia
1305 3311 1486 3377 vobis
1510 3312 1621 3389 sit,
1659 3332 1787 3375 non
1809 3310 1954 3373 licet
1975 3307 2286 3372 dubitare.
2313 3301 2338 3345 ·?

484 3416 693 3504 Atque
712 3411 882 3485 nunc
904 3413 1159 3508 sperans
1174 3423 1512 3488 amicitiam
1531 3433 1704 3487 tuam
1720 3422 2128 3505 favoremque
2140 3403 2358 3502 reddi?

392 3538 528 3593 tum
569 3531 723 3594 mihi
753 3531 864 3605 iri,
920 3532 971 3595 si
1007 3534 1167 3597 forte
1191 3532 1454 3621 longum
1481 3555 1691 3598 meum
1717 3532 2029 3596 silentium
2059 3539 2119 3592 te
2149 3515 2352 3592 offen-⁴

393 3638 521 3729 dit,
565 3638 744 3726 cujus
779 3650 924 3727 peto
954 3644 1235 3722 veniam,
1275 3654 1335 3709 et
1365 3643 1743 3710 venerabilis
1767 3642 1855 3706 tui
1880 3641 2154 3727 parentis
2183 3640 2343 3726 pari-

392 3758 487 3813 ter
525 3752 680 3816 mihi
721 3753 1087 3838 promittens
1130 3753 1454 3832 favorem,
1493 3754 1737 3818 sincero
1763 3751 1976 3818 animo
1997 3748 2197 3837 jubeo
2227 3771 2352 3870 vos

391 3858 624 3923 valere.
916 3873 921 3882 '
970 3871 971 3878 ’
1006 3881 1011 3884 ·
1452 3873 1457 3882 ·
1627 3873 1638 3884 ’
1697 3873 1702 3880 ’
1759 3869 1766 3880 ’

481 3969 776 4053 Hafniae,
805 3973 897 4038 23
919 3973 1049 4040 Jul.
1086 3971 1335 4040 1765.
