2952 5080
483 564 550 611 1<-
584 563 644 605 1,.
679 550 1011 605 sumno
1348 538 1499 641 ,205
1825 610 1826 613 Ἴ
2164 559 2387 604 ramus

485 790 554 833 re
605 777 668 832 et
705 768 897 835 Russi
938 777 1001 835 et
1028 766 1287 854 Kirgisii
1315 785 1574 851 rapaces
1609 762 1911 829 effodiunt
1938 762 2020 830 ad
2043 764 2425 832 'medicinam

483 886 547 941 et
575 874 900 964 tingendas
929 877 1120 961 pelles
1149 882 1337 960 atque
1368 876 1546 938 lanas
1573 922 1591 950 ‚
1628 894 1754 958 quo
1786 872 2009 937 ultimo
2040 875 2107 937 in
2133 896 2255 938 usu
2284 896 2427 941 ana·

483 988 694 1074 logam
744 987 976 1072 pariter
1026 985 1408 1051 substituunt
1460 982 1742 1048 radicem
1788 979 2060 1048 Statz'ces
2087 988 2419 1050 tutaret-ae.

486 1099 562 1161 In
587 1094 958 1181 Gurjevensi
985 1095 1280 1161 fortalitio
1310 1145 1327 1174 ,
1365 1093 1542 1180 quod
1571 1092 1654 1159 ad
1685 1094 1890 1178 ipsum
1923 1094 2147 1158 ostium
2172 1095 2210 1158 J
2213 1095 2331 1158 ai'ci
2360 1095 2425 1173 in

481 1227 658 1271 mare
702 1206 996 1292 Caspium
1043 1215 1427 1271 exstructum
1467 1213 1562 1271 est
1590 1255 1606 1283 ,
1647 1203 1997 1270 scorbutus
2028 1205 2197 1269 omni
2226 1227 2374 1270 vere
2401 1253 2417 1282 ‚

481 1326 741 1402 propter
763 1318 954 1381 salsas
973 1315 1234 1402 paludes
1261 1326 1322 1381 et
1340 1317 1652 1380 marinum
1675 1322 1884 1380 aorem
1904 1366 1921 1394 ‚
1946 1313 2270 1380 eudemius
2293 1324 2419 1399 est3

482 1428 722 1493 incolae
742 1449 894 1493 vero
916 1426 1320 1512 Rhapontz’ci
1339 1426 1816 1513 propullulantis
1834 1427 2098 1492 herbam
2115 1426 2429 1491 acidulam

483 1536 664 1603 avide
717 1541 965 1625 legunt,
1018 1549 1080 1603 et
1126 1539 1192 1602 in
1227 1540 1396 1602 olere
1424 1538 1526 1603 vel
1547 1535 1812 1621 jusculis
1842 1587 1859 1616 ,
1917 1537 2044 1600 imo
2074 1547 2138 1601 et
2167 1536 2429 1603 crudam

480 1647 820 1715 comedunt
836 1699 853 1727 ‚
889 1649 1310 1734 citissimeque
1333 1648 1800 1712 convalescunt.
1850 1650 1926 1712 In
1957 1648 2247 1714 omnibus
2270 1671 2429 1715 cam·
2503 1636 2506 1639 ¹

480 1765 577 1849 pis
609 1758 692 1825 ad
715 1761 950 1825 Tanain
967 1810 983 1838 ‚
1020 1760 1289 1847 Volgam
1307 1768 1369 1823 et
1384 1760 1637 1823 Jai‘cum
1663 1760 1885 1823 crescit
1914 1760 2109 1825 hocce
2136 1759 2389 1826 Rheum
2408 1811 2424 1841 ‚

481 1891 794 1956 nusquam
833 1879 1041 1935 autem
1084 1891 1273 1954 supra
1317 1868 1526 1934 50¹¹¹¹¹¹¹¹
1554 1866 1896 1933 latitudinis
1926 1867 2219 1956 gradum.
2253 1896 2258 1901 ·
2305 1870 2432 1951 Qui
2457 1918 2470 1943 „

472 1978 859 2044 borealiores
915 1978 1200 2065 regiones
1250 1978 1463 2043 colunt
1511 1977 1700 2041 Russi
1720 2023 1739 2057 ‚
1799 1976 2181 2043 substituunt
2211 1980 2301 2043 illi
2349 1988 2432 2044 te-

482 2088 734 2152 nuiores
762 2137 779 2166 ,
834 2085 948 2152 sed
994 2086 1348 2152 subsimiles
1390 2085 1692 2152 Rumz’cis·
1729 2087 1954 2170 alpini
1990 2085 2236 2152 radices
2257 2138 2274 2167 ,
2324 2092 2433 2175 qui

481 2217 596 2283 per
640 2206 834 2261 totam
886 2217 1139 2283 quoque
1184 2195 1476 2260 Sibiriam
1506 2244 1525 2273 ,
1582 2195 1693 2259 ubi
1739 2195 1809 2259 in
1843 2194 2125 2259 herbidis
2157 2197 2380 2262 erescit
2408 2246 2428 2274 ‚

483 2327 629 2375 oum
659 2305 739 2373 V
729 2317 939 2371 eratro
967 2357 984 2385 ‚
1038 2328 1154 2392 pro
1187 2306 1539 2394 vermifuga
1568 2307 2091 2372 veterinariorum
2120 2298 2434 2372 medicina

484 2416 676 2480 venit.
711 2453 801 2465 —
821 2414 1081 2501 Rheum
1124 2418 1499 2500 palmatum
1529 2466 1546 2494 ‚
1604 2414 1778 2503 quod
1812 2415 1990 2481 vobis
2022 2417 2325 2481 Gorterus
2355 2438 2434 2483 ex
2547 2450 2548 2463 κ

484 2526 669 2589 horto
711 2526 1178 2612 Petropolitano
1219 2524 1442 2592 adtulit
1470 2552 1489 2611 3
1542 2536 1715 2593 certo
1746 2527 1975 2593 certius
2007 2537 2070 2592 et
2097 2529 2435 2594 certissime

488 2636 618 2701 veri
668 2635 1064 2700 Rhabarbari
1095 2646 1272 2720 pater
1317 2646 1432 2700 est.
1497 2639 1738 2702 Dicitur
1767 2640 1833 2703 in
1863 2639 2140 2704 finitimis
2173 2641 2435 2707 Sibiriae

487 2746 801 2812 montibus
832 2745 1069 2808 altaicis
1098 2765 1152 2807 s.
1180 2745 1385 2807 aureis
1409 2794 1426 2821 ‚
1462 2746 1626 2808 inter
1655 2748 1858 2812 fontes
1888 2749 2030 2811 Irtis
2062 2759 2125 2811 et
2150 2750 2433 2814 Jeniseae

488 2866 898 2943 spontaneum
918 2901 937 2927 ,
991 2862 1062 2917 ut
1113 2853 1179 2916 in
1210 2854 1561 2941 Mungaliae
1593 2855 1916 2919 Chinensis
1959 2858 2256 2921 montosis
2286 2880 2433 2942 pro-

487 2966 702 3032 venire
726 3015 743 3043 ‚
801 2974 863 3028 et
898 2965 1092 3029 valles
1134 2965 1374 3050 apricas
1418 2964 1728 3048 incolere3
1785 2974 1847 3029 et
1893 2966 2051 3031 haec
2099 2970 2382 3055 egoJoca
2408 3020 2426 3049 ,

488 3077 770 3161 proxima
803 3085 1033 3140 aestate
1059 3125 1075 3155 ‚
1116 3076 1271 3150 licet*
1289 3076 1452 3141 vitae
1487 3098 1633 3141 cum
1662 3074 2019 3142 discrimine
2048 3130 2063 3157 ‚
2102 3078 2274 3144 adire
2306 3090 2430 3145 ten·

490 3186 662 3252 tabo,
734 3185 988 3251 Rheum
1029 3189 1396 3271 palmatum
1440 3188 1508 3251 in
1539 3189 1725 3254 horto
1771 3191 2118 3255 Moscuensi
2149 3191 2430 3255 curiosus

488 3299 596 3383 qui
622 3298 775 3362 huic
792 3306 1038 3384 praee‘st
1055 3300 1601 3385 Pharmacopoeus
1618 3350 1635 3378 ‚
1663 3309 1844 3385 gente
1870 3301 2218 3365 Germanus
2238 3352 2254 3380 ,
2285 3303 2429 3366 satis

488 3406 814 3486 educavit,
842 3419 905 3472 et
934 3410 1172 3474 areolas
1208 3410 1481 3498 integras
1519 3430 1595 3473 eo
1626 3411 1930 3496 plantatas
1956 3410 2146 3475 habet
2167 3435 2185 3493 3
2205 3410 2344 3497 jam
2365 3413 2432 3477 in

487 3518 802 3584 decimum
850 3541 1084 3583 annum
1136 3520 1267 3583 fere
1322 3519 1655 3606 quotannis
1706 3513 2164 3604 transplantans
2185 3570 2202 3595 ,
2260 3521 2430 3587 unde

487 3630 944 3696 robustissimas
973 3627 1214 3694 radices
1246 3628 1539 3695 obtinuit.
1589 3632 1805 3715 Neque
1836 3628 2055 3695 dubito
2078 3633 2143 3695 in
2176 3634 2429 3719 Europa

484 3740 968 3822 Rhabarbarum
991 3739 1281 3816 feliciter,
1317 3739 1472 3804 locis
1498 3740 1655 3824 aptis
1675 3789 1691 3818 ,
1723 3739 1843 3805 coli
1871 3761 2053 3825 posse
2067 3765 2086 3825 3
2114 3741 2235 3805 fert
2260 3744 2427 3809 enim

486 3850 748 3916 Russiae
799 3851 1054 3936 hyemes
1108 3849 1240 3912 sine
1283 3850 1413 3914 ullo
1444 3850 1578 3913 fere
1608 3850 1875 3934 tegmine
1897 3899 1915 3924 ,
1965 3861 2026 3915 et
2055 3853 2190 3939 ipsa
2218 3863 2311 3919 est
2340 3855 2428 3919 in-

489 3960 900 4027 clementioris
945 3961 1207 4027 climatis
1237 3961 1474 4046 planta.
1516 3979 1604 4008 '—
1635 3960 1880 4027 Oblitus
1924 3984 2063 4027 sum
2105 3964 2218 4030 tibi
2258 3965 2425 4032 dice-
