2952 5080
601 549 665 593 u.
696 554 761 620 ιη,
784 548 1116 593 suanno
1217 589 1220 591 Α
1492 525 1627 590 256
2187 544 2537 594 Taunum.

603 756 683 822 de
711 756 973 822 navibus
995 755 1280 840 exempla
1300 740 1486 840 longe
1508 751 1852 817 tristissima
1869 751 2231 837 saepissime
2248 755 2378 821 vidi
2393 807 2409 836 ,
2446 777 2547 821 au-

603 865 880 953 divique.
929 866 1256 929 Praeterea
1280 873 1471 928 temet
1493 883 1649 950 rogo
1663 911 1680 942 ‚
1710 862 1979 929 Patrone
2006 863 2238 949 optime
2254 915 2271 944 ‚
2298 875 2362 930 et
2385 888 2547 931 sum-

540 1030 544 1037 .
603 998 739 1041 mos
768 997 940 1040 meos
976 975 1247 1059 fautores
1272 994 1491 1039 omnes
1523 1022 1540 1052 ‚
1591 971 1791 1037 velitis
1825 993 1942 1057 pro
1979 993 2230 1039 summo
2250 960 2460 1042 vestro
2480 977 2547 1039 in

536 1108 553 1115 ‘
603 1108 705 1152 me
725 1089 941 1153 favore
958 1085 1398 1172 benignissime
1422 1105 1762 1171 procurare
1781 1132 1799 1161 ‚
1819 1094 1889 1148 ut
1905 1084 2091 1148 etiam
2111 1088 2371 1171 posthac
2389 1087 2550 1152 adeo

603 1199 887 1264 faventes
907 1198 1028 1262 sint
1054 1194 1441 1261 conditiones
1474 1217 1652 1261 meac
1671 1244 1689 1271 ‚
1715 1203 1800 1258 ut*
1816 1204 1933 1281 pro
1954 1196 2133 1260 vobis
2160 1197 2315 1283 quid
2345 1199 2549 1264 effice·

605 1330 676 1372 re
696 1308 929 1394 possim
947 1344 973 1384 ‚2
994 1305 1224 1393 quibus
1249 1315 1319 1370 ut
1339 1306 1674 1371 inserviam
1695 1313 1760 1367 et
1778 1301 2131 1371 desiderata
2151 1306 2354 1373 officia
2373 1330 2547 1393 prae-

506 1398 509 1399 *
605 1427 792 1495 stem,
827 1425 1027 1483 totum
1057 1435 1157 1478 me
1188 1413 1547 1478 consecravi
1572 1421 2094 1484 etconsecratum
2121 1415 2290 1479 volo.

691 1528 986 1597 Promisit
1003 1525 1386 1612 gubernator
1417 1524 1722 1589 Dominus
1735 1523 2151 1611 -Plettenberg
2175 1574 2193 1603 ,
2242 1525 2548 1591 interiora

605 1633 848 1703 Africes
868 1637 988 1699 hac
1014 1655 1268 1721 quoque
1299 1643 1531 1701 aestate
1557 1656 1661 1701 me
1683 1638 1868 1719 posse
1889 1635 2180 1701 invisere.
2232 1635 2547 1705 Collectio-

604 1766 713 1810 nes
751 1754 965 1811 omnes
982 1790 1006 1823 f,
1049 1754 1120 1809 ut
1152 1742 1371 1829 jussus
1405 1766 1548 1809 sum
1569 1795 1586 1823 ,
1641 1743 1736 1810 ad
1777 1745 2033 1810 hortum
2068 1744 2384 1813 medicum
2418 1747 2550 1811 mit·

594 1864 734 1923 ‘tam
757 1905 803 1934 ,,
831 1864 903 1921 ut
951 1865 1022 1920 tu
1063 1864 1126 1923 et
1156 1836 1347 1922 ceteri
1382 1856 1635 1925 Domini
1659 1856 1904 1942 possint
1919 1856 2052 1942 ipsi
2075 1856 2303 1941 eligere
2330 1907 2347 1935 ,
2401 1851 2564 1942 'quid

518 2028 523 2031 .
606 1968 831 2054 cuique
853 1969 1134 2053 placeat3
1192 1967 1308 2033 sed
1334 1970 1579 2053 plantas
1610 1969 1802 2034 siccas
1823 1982 1846 2047 ,'
1889 1990 2048 2054 quas
2073 1968 2262 2034 credo
2289 1970 2373 2032 Te
2399 2018 2415 2044 ‚
2446 1989 2547 2054 pa-

604 2086 781 2144 trone
807 2080 1068 2164 optime,
1100 2087 1285 2145 antea
1324 2101 1453 2144 non
1486 2080 1723 2146 habere
1742 2129 1759 2157 ‚
1787 2078 1906 2147 tibi
1935 2080 2254 2166 speciatim
2280 2080 2545 2145 mittam.
2586 2115 2595 2123 ·
2701 2162 2712 2176 ·

691 2178 940 2256 Inclusa
950 2188 1090 2275 jam
1117 2189 1296 2253 mitto
1321 2189 1563 2253 semina
1573 2188 2050 2259 Rothmanniae
2072 2192 2365 2274 capemi-s·
2390 2239 2407 2267 ‚
2445 2209 2553 2254 no-

539 2301 541 2307 ’
605 2297 666 2365 vi
717 2298 965 2384 generis
987 2348 1004 2375 ‚
1062 2320 1225 2384 quae
1256 2319 1458 2385 nuper
1482 2296 1729 2382 accepi3
1788 2294 2074 2363 desumta
2118 2307 2262 2363 sunt
2290 2296 2370 2360 de
2411 2298 2556 2381 pul-

607 2405 915 2471 cherrima
947 2405 1200 2485 arbore,
1230 2407 1393 2470 foliis
1421 2384 2014 2489 sempervirentibus
2033 2411 2095 2466 et
2123 2401 2385 2471 floribus
2419 2424 2558 2489 spe-

608 2518 827 2602 ciosis3
886 2528 1032 2606 opto
1052 2565 1055 2572 ι
1075 2539 1223 2584 sane
1242 2568 1258 2595 ‚
1296 2517 1537 2602 possint
1579 2516 1662 2578 in·
1683 2515 1867 2579 horto
1902 2511 2149 2582 medico
2178 2523 2387 2582 vestro
2419 2524 2550 2582 sata

558 2717 561 2720 Α
610 2649 967 2694 excrescere
1009 2638 1072 2692 et
1111 2626 1361 2715 frigoris
1404 2625 1601 2712 rigori
1637 2625 1870 2696 sensim
1900 2624 2256 2711 sensimque
2307 2623 2554 2692 adsues-

615 2762 780 2806 cere.
1243 2757 1249 2765 ·

696 2850 1469 2937 Fasciculumplantarum
1487 2852 1800 2921 siccarum·
1814 2849 1928 2916 tibi
1944 2900 1961 2930 ‚
1998 2859 2259 2935 patrone
2286 2847 2514 2933 optime
2532 2896 2551 2926 ,

600 2959 739 3046 jam
791 2964 967 3027 mitto
988 3013 1005 3039 ‚
1065 2984 1211 3044 cum
1258 2963 1530 3028 Domino
1577 2962 1658 3028 de
1702 2964 1916 3049 Lange
1932 3007 1960 3040 „
2012 2961 2122 3047 qui
2152 2960 2301 3024 hinc
2341 2959 2560 3024 transit

612 3094 757 3138 cum
783 3075 926 3138 navi
953 3075 1363 3140 Hool-Werf.
1415 3076 1575 3141 Cum
1604 3075 1883 3160 reliquae
1915 3094 2129 3150 naves,
2166 3081 2309 3157 post
2325 3071 2562 3157 aliquot

614 3181 747 3248 dies
793 3183 942 3249 hinc
982 3184 1244 3263 abeant,
1297 3187 1528 3251 iterum
1571 3185 1684 3268 tibi
1722 3185 2089 3252 fasciculum
2117 3185 2470 3269 plantarum
2499 3193 2561 3248 et

614 3294 848 3377 litteras
891 3296 1165 3379 mittam3
1221 3296 1473 3360 interim
1510 3296 1762 3364 nomine
1805 3317 1947 3360 meo
1997 3295 2246 3361 Parenti
2289 3295 2522 3380 optimo
2535 3341 2554 3368 ,

615 3406 797 3471 uxori
815 3405 1166 3478 carissimae
1197 3403 1457 3491 ejusque
1476 3407 1670 3493 matri·
1689 3404 2152 3472 amantissimae
2190 3405 2417 3472 salutes
2454 3424 2561 3471 ve·

618 3517 730 3581 lim
761 3517 1122 3603 valeasque.

704 3627 865 3714 Cap.
898 3628 977 3692 B.
1014 3628 1125 3714 sp.
1159 3627 1226 3692 d.
1270 3630 1298 3691 l
1331 3625 1475 3714 Maji
1508 3628 1706 3697 1774.

1416 3910 1767 3935 '‘w-
