2952 5080
504 498 530 538 ,ι
543 525 556 539 .
584 496 923 540 amnuo
1438 481 1484 544 7
1674 500 1677 505 ’
2049 502 2054 509 ·
2106 494 2428 544 ammaus.

501 701 623 768 dici
640 753 658 781 ‚
710 712 1012 788 quatenus
1059 724 1185 768 non
1221 712 1543 790 usurpata.
1625 704 1873 768 Floram
1893 725 2094 769 meam
2121 666 2435 791 Lapponi-

376 900 383 905 -
504 834 646 878 cam
683 810 860 877 tarde
899 815 1270 898 processisse
1295 865 1312 892 ‚
1359 813 1516 880 dum
1556 815 1623 878 in
1649 812 1877 901 Anglia
1910 812 2031 893 fui,
2080 824 2144 879 et
2179 813 2442 902 quidem.
2519 902 2522 907 .

503 945 645 989 mea
666 922 673 930 ’
694 927 876 1010 culpa
891 974 910 1004 ‚
951 923 1133 991 doleo
1172 927 1442 1009 maxime
1457 978 1474 1008 ‚
1514 925 1775 1013 deposui
1816 924 1987 1011 apud
2022 922 2448 992 correctorem-

502 1036 710 1100 omnia
727 1085 745 1115 ,
793 1056 941 1101 cum
978 1047 1187 1102 autem
1225 1038 1330 1103 ille
1346 1087 1364 1112 ‚
1416 1047 1490 1103 ut
1540 1037 1785 1123 speravi
1829 1034 2141 1115 abiturus,
2190 1055 2292 1100 me
2320 1054 2443 1122 per·

496 1155 624 1210 tres
688 1156 1048 1233 quatuosve
1088 1147 1515 1215 hebdomades
1556 1148 1918 1214 abfuturum
1936 1194 1953 1225 ‚
2006 1167 2135 1227 non
2176 1147 2439 1233 perlegit

376 1324 379 1333 ,
495 1258 639 1342 plus
682 1279 873 1345 quam
915 1260 1061 1324 istas
1104 1261 1436 1347 impressas
1473 1260 1748 1346 philyra-s
1766 1309 1783 1340 ,
1837 1257 1982 1323 dein
2025 1259 2214 1344 longe
2259 1258 2442 1322 citius*

497 1365 799 1455 processit
816 1422 824 1429 .
842 1373 1265 1459 typographus
1287 1422 1304 1451 ‚
1355 1393 1548 1458 quam
1583 1381 1765 1437 antea
1794 1380 1858 1436 et
1896 1377 2216 1436 corrector
2238 1369 2440 1434 noluit

496 1476 742 1544 tradere
762 1481 944 1566 plura
965 1491 1301 1571 antequam
1329 1504 1579 1548 mecum
1605 1481 1969 1570 perlegerit3
2016 1501 2159 1547 mea
2179 1489 2274 1544 est
2299 1499 2451 1544 eau—

497 1606 600 1665 sa,
628 1588 801 1675 quod
822 1588 1039 1671 doleo,
1066 1613 1186 1657 nec
1213 1591 1536 1657 emendari
1565 1600 1801 1678 potoet,
1820 1592 2143 1677 posthaec
2164 1607 2292 1654 non
2322 1587 2442 1651 erit

496 1717 663 1763 mea.
736 1701 871 1787 Ego
912 1713 1218 1788 quantum
1252 1713 1476 1791 potero,
1493 1704 1746 1790 pellam.
1810 1701 1947 1769 20⁰
1970 1701 2238 1788 paginae
2261 1717 2438 1763 meae

497 1817 645 1872 sunt
664 1811 1004 1898 impressae
1027 1824 1093 1878 et
1120 1814 1294 1902 quod
1318 1816 1615 1901 supersit3
1661 1823 1805 1900 post
1824 1815 1984 1878 haec
2003 1820 2209 1896 potest
2227 1812 2439 1897 proce—

502 1917 656 1982 dere
699 1942 827 2007 quo
871 1924 1055 1989 citius
1068 1973 1085 2002 ‚
1137 1945 1213 1988 eo
1253 1925 1410 1988 mihi
1449 1926 1685 2010 gratius
1709 1974 1727 2003 ,
1781 1926 1991 1989 omnia
2015 1932 2160 1988 sunt
2168 1920 2308 2008 jam
2335 1919 2445 1985 du-

500 2026 657 2094 dum
679 2031 910 2117 scripta
939 2054 978 2097 a
1004 2054 1132 2098 me.
1193 2033 1602 2099 Charaoteres
1632 2030 1754 2096 mei
1779 2035 1914 2097 fere
1944 2035 2280 2119 octingenti
2305 2042 2448 2097 sunt

494 2141 818 2227 impressi,
868 2143 1053 2229 pauci
1082 2151 1344 2207 restant.
1425 2143 1882 2228 Exspectarunt
1913 2151 1975 2206 et
1995 2143 2086 2206 illi
2106 2192 2123 2221 ‚
2171 2141 2284 2205 sed
2307 2149 2449 2226 post
2535 2141 2540 2146 “

498 2251 772 2317 reditum
797 2252 1093 2318 citissime
1115 2262 1586 2339 processerunt.

587 2364 712 2430 Vix
752 2361 1004 2428 dimittit
1038 2364 1120 2429 D.
1162 2362 1403 2431 Cliffort
1437 2385 1541 2428 me
1582 2344 1915 2449 posthaec
1947 2383 1984 2425 e
2010 2360 2198 2426 domo
2229 2380 2343 2424 sua
2372 2381 2451 2424 ex

493 2473 941 2565 Hartecampa3
973 2478 1079 2543 ille
1102 2476 1475 2543 intellexerit
1499 2477 1728 2563 procul
1746 2473 1943 2539 dubio
1963 2524 1979 2553 ‚
2028 2474 2240 2538 nescio
2269 2469 2460 2558 cujus

492 2588 640 2652 mali
686 2590 935 2675 spiritus
991 2589 1201 2655 afflatu
1218 2640 1235 2669 ‚
1291 2587 1465 2677 quod
1512 2610 1631 2676 ego
1673 2586 1873 2651 debeo
1922 2595 2133 2673 petere
2163 2585 2450 2650 sueciam

491 2696 613 2764 hae
632 2700 862 2765 hieme.
911 2701 1011 2765 Nil
1038 2699 1220 2774 dicit,
1249 2699 1364 2765 sed
1385 2707 1626 2765 tantum
1657 2698 1810 2787 petit
1845 2698 2119 2782 incipere
2137 2695 2449 2783 'impressi-

486 2830 676 2874 onem
698 2861 716 2889 ‚
765 2821 829 2876 et
848 2820 984 2876 tum
1016 2811 1219 2876 debeo
1251 2832 1368 2897 per
1395 2809 1530 2875 dies
1554 2820 1895 2894 noctesque
1919 2808 2252 2886 laborare,
2302 2799 2450 2872 cum

490 2911 733 3004 integer
782 2920 914 2983 fere
951 2920 1113 2985 liber
1143 2922 1438 2987 consistat
1486 2918 1879 2985 citationibus
1898 2967 1916 2997 ‚
1974 2925 2045 2981 ut
2075 2914 2448 2981 Boerhaavii

490 3025 680 3093 index
700 3078 716 3106 ,
735 3025 967 3116 etquid
992 3031 1293 3118 temporis
1313 3030 1717 3117 allegationes
1741 3037 2068 3093 auctorum
2087 3026 2411 3111 requirant
2432 3090 2458 3119 ‚

489 3134 605 3199 tibi
628 3133 835 3204 dicere
857 3150 1020 3205 esset
1041 3162 1143 3205 res
1171 3124 1513 3228 superflua.
1583 3139 1744 3203 Dein
1769 3134 2291 3224 adglutinavimus
2309 3131 2447 3219 jam

488 3246 632 3332 plus
658 3270 847 3335 quam
869 3253 1039 3317 mille
1071 3253 1343 3339 plantas.
1393 3253 1583 3316 Putat
1610 3250 1778 3314 enim
1808 3247 1889 3313 D.
1928 3246 2167 3313 Cliffort
2185 3296 2201 3325 ‚
2231 3245 2285 3307 si
2311 3247 2448 3309 mo-

491 3356 574 3422 do
598 3359 963 3445 incipiamus
982 3363 1470 3449 impressionem
1489 3411 1506 3442 ‚
1539 3370 1674 3426 tum
1695 3375 1837 3424 ‘non
1866 3367 2072 3445 potest
2100 3356 2272 3421 abire
2292 3403 2308 3431 ‚
2338 3374 2452 3416 an·

490 3478 746 3556 tequam
778 3492 935 3557 opus
961 3476 1041 3538 sit
1060 3485 1347 3562 paratum
1365 3525 1383 3557 ,
1413 3484 1479 3539 et
1503 3494 1621 3561 ego
1644 3474 1773 3537 scio
1794 3521 1810 3549 ,
1840 3467 2012 3558 quod
2034 3470 2087 3531 si
2113 3464 2408 3551 incipiam
2428 3534 2451 3562 ‚

489 3603 619 3647 non
648 3604 904 3669 possum
942 3583 1113 3649 abire
1149 3596 1488 3674 antequam
1519 3584 1881 3649 absolutum
1916 3581 2027 3662 sit3
2066 3597 2217 3666 ergo
2248 3573 2449 3640 debeo

501 3690 583 3757 ad
608 3695 940 3759 minimum
971 3706 1240 3783 quatuor
1263 3698 1541 3782 philyras
1553 3691 1732 3758 ‘omni
1750 3687 2146 3757 hebdomade
2173 3687 2454 3752 elabora-

502 3823 574 3866 re
592 3854 608 3881 ,
656 3801 1013 3872 describere
1038 3815 1104 3869 et
1124 3805 1283 3869 haec
1312 3813 1406 3867 est
1428 3824 1531 3867 res
1553 3785 1938 3890 ponderosa,
1985 3821 2134 3865 nam
2158 3795 2240 3865 ad
2270 3796 2460 3863 mini-

510 3935 681 3982 mum
712 3917 1018 3984 constabit
1048 3938 1206 4003 opus
1231 3917 1322 3983 60
1347 3915 1613 4002 plagulis
1642 3935 1753 3978 seu
1775 3913 2057 3999 philyris.
