2952 5080
519 536 891 585 scamnum
1425 518 1552 585 173
1969 534 2022 581 1.
2048 536 2434 583 murinus.

515 744 726 809 monio
768 764 883 830 per
925 741 1019 808 28
1040 741 1285 807 circiter
1306 764 1505 809 annos
1535 743 1690 807 mihi
1720 741 1980 809 feliciter
1997 739 2219 826 juncta
2237 791 2256 817 ,
2302 764 2444 809 mea

515 856 909 921 dilectissima
938 876 1098 919 uxor
1125 855 1377 920 nomine
1395 852 1692 921 ‘Adriane
1719 877 1843 921 van
1869 855 2118 918 Bueren
2147 903 2164 931 ‚
2215 854 2444 938 ingenii

512 964 792 1028 sublimis
811 972 887 1027 'et
927 951 1350 1032 candidissimi
1387 965 1580 1029 animi
1611 962 1860 1027 dotibus
1884 983 2035 1048 prae
2061 962 2317 1047 reliquis
2348 985 2446 1027 se-

512 1074 744 1159 quioris
793 1093 975 1136 sexus
1006 1074 1314 1138 excellens
1332 1124 1349 1152 ‚
1388 1073 1510 1137 ‚sed
1541 1073 1819 1159 corporis
1849 1072 2087 1138 viribus
2117 1072 2324 1136 minor
2355 1083 2447 1137 at-

508 1197 631 1261 que
667 1176 851 1239 nimis
884 1175 1179 1253 diuturno
1209 1177 1432 1254 morbo
1462 1199 1582 1264 nec
1604 1174 1959 1263 superando
1990 1177 2154 1240 malo
2179 1178 2448 1241 maxime

507 1288 808 1351 exhausta
854 1295 915 1349 et
967 1287 1420 1372 succumbens;
1475 1309 1638 1373 quae
1687 1296 1891 1351 tamen
1925 1283 2064 1370 jam
2113 1284 2314 1349 libera
2365 1286 2446 1374 ab
2560 1289 2561 1292 ’

506 1398 812 1462 omnibus
832 1396 1052 1463 mundi
1094 1399 1548 1464 calamitatibus
1573 1407 1876 1485 perpetua
1902 1398 2134 1461 fruitur
2157 1395 2446 1462 felicitate

504 1527 581 1571 ac
632 1506 1013 1571 heatitudine
1043 1557 1060 1584 ‚
1126 1529 1316 1594 quam
1359 1509 1525 1572 inter
1563 1518 1655 1573 tot
1690 1506 1939 1573 dolores
1971 1501 2033 1571 et
2058 1506 2444 1571 adflictiones

504 1617 811 1681 constanti
854 1625 917 1679 et
945 1616 1255 1702 intrepido
1282 1635 1531 1702 semper
1553 1618 1763 1682 animo
1796 1618 1914 1684 sibi
1942 1638 2070 1681 non
2098 1615 2288 1680 modo
2313 1638 2444 1702 spe-

383 1713 386 1716 ’
506 1724 705 1803 ravit,
759 1722 870 1788 sed
896 1724 1094 1790 solida
1121 1723 1246 1791 fide
1271 1727 1457 1791 etiam
1482 1726 1861 1811 exspectavit
1890 1725 1972 1790 ob
2003 1726 2222 1789 merita
2245 1726 2445 1796 salva·
2490 1730 2501 1742 '

504 1834 654 1896 toris
686 1835 781 1898 sui
812 1836 1029 1921 optimi
1057 1859 1076 1919 3
1119 1837 1205 1900 ita
1234 1846 1305 1900 ut
1333 1858 1451 1923 ego
1470 1838 1639 1900 solus
1658 1857 1804 1901 cum
1824 1836 2013 1900 unico
2039 1853 2180 1899 meo
2200 1835 2444 1899 carissi-

504 1963 610 2006 mo
640 1944 809 2023 filio,
856 1946 1133 2031 quinque
1166 1945 1397 2010 sobolis
1423 1944 1677 2010 residuo
1702 1995 1719 2025 ,
1762 1946 2069 2031 supersim
2097 1994 2114 2022 ‚
2146 1946 2253 2030 qui
2279 1955 2442 2012 sum-

496 2072 674 2117 mum
719 2049 873 2117 mihi
909 2064 1005 2118 est
1044 2064 1106 2119 et
1128 2055 1398 2121 unicum
1418 2058 1486 2121 in
1511 2055 1753 2121 cunctis
1785 2052 2004 2118 mundi
2029 2053 2294 2118 miseriis
2324 2055 2440 2118 sol-

496 2162 691 2227 atium
718 2213 734 2242 ‚
766 2172 1019 2249 totaque
1048 2167 1364 2252 voluptas,
1759 2144 1774 2156 ‘

475 2316 505 2336 ⁴-
584 2275 879 2339 Maximas
913 2285 1124 2341 tamen
1149 2299 1268 2364 ago
1295 2276 1699 2342 misericordi-
1710 2299 1786 2343 ac
1815 2276 2105 2343 clementi
2127 2276 2262 2339 Deo
2292 2294 2437 2361 gra-

274 2369 281 2376 ⁸
403 2435 408 2436 ff
493 2383 609 2447 tias
633 2433 650 2461 ‚
695 2396 996 2478 utrosque
1042 2387 1210 2451 inter
1256 2396 1351 2451 tot
1396 2386 1849 2454 vicissitudines
1880 2437 1896 2466 ‚
1951 2407 2107 2473 quas
2153 2407 2268 2471 per
2306 2393 2436 2450 tam

482 2492 740 2578 longum
792 2503 1036 2583 tempus
1089 2498 1374 2584 perpessi
1421 2497 1655 2563 fuimus
1685 2548 1702 2576 ‚
1755 2497 2059 2564 constanti
2096 2494 2329 2560 animo*
2356 2514 2434 2559 ac

482 2603 679 2669 firmis
720 2609 998 2693 corporis
1040 2609 1327 2687 viribus,
1380 2611 1706 2674 sanitatem
1733 2606 2015 2674 obtinere
2042 2604 2429 2673 mathemata·-

483 2723 610 2779 tam
627 2716 997 2803 *summique
1023 2717 1321 2780 -Numinis
1357 2720 1663 2783 'voluntati
1706 2729 1894 2805 atque
1916 2719 2161 2804 legibus
2192 2717 2424 2781 obtem·-

484 2846 705 2908 perare
730 2876 748 2905 ,
792 2824 963 2913 quod
986 2835 1058 2890 ut
1088 2826 1171 2891 ad
1208 2836 1558 2891 extremum
1580 2830 1743 2895 vitae
1771 2826 2036 2891 halitum
2060 2827 2242 2891 nobis
2274 2847 2424 2891 con-

484 2932 743 3000 cedatur
766 2987 783 3017 ,
843 2957 1086 3003 summa
1130 2938 1208 3005 sit
1254 2946 1616 3004 nostrorum
1655 2947 1945 3004 votorum
1987 2942 2221 3004 nur-ma⁴
2236 2940 2423 3025 atque

481 3049 722 3134 regula.

591 3134 597 3149 β
1108 3167 1229 3225 etc.
1263 3168 1386 3224 etc.
1419 3167 1542 3224 etc.
