2952 5080
474 542 537 587 N.
568 545 630 587 12.
666 544 997 589 nunmmm
1387 528 1521 591 229
1871 522 1878 530 ’
2167 547 2415 591 rums,

466 750 695 814 simum
726 761 1048 836 parentem
1070 764 1248 818 tuum
1260 753 1512 839 judices
1539 756 1725 819 facio.
1776 750 2147 816 Medicinam
2169 773 2414 817 exerceae

468 880 538 923 re
581 882 707 924 non
739 884 961 926 recuso
993 913 1010 941 .‚
1068 863 1178 928 sed
1234 865 1608 929 Nosocomio
1660 862 1947 929 addictus
1978 883 2113 925 esse
2145 863 2416 929 maximo

466 971 619 1034 mihi
649 973 714 1034 in
733 973 1171 1059 prosequendo
1193 974 1422 1052 studio,
1452 977 1555 1040 eui
1586 996 1834 1039 omnem
1861 974 2052 1038 vitam
2077 1022 2093 1047 ‚
2125 964 2414 1057 juventu·
2450 1019 2459 1027 ·

464 1092 593 1146 tem
624 1133 642 1159 ‚
702 1084 1027 1148 sanitatem
1060 1086 1355 1173 impendi
1376 1138 1392 1163 ‚
1451 1089 1614 1151 foret
1656 1084 2123 1171 impedimento,
2199 1085 2415 1151 Melius

461 1195 821 1259 conveniret
852 1195 1126 1261 officium
1156 1197 1412 1282 aliquod
1442 1198 1701 1262 liberius
1722 1249 1739 1273 ‚
1795 1198 2000 1260 minus
2031 1216 2365 1261 onerosum
2391 1204 2408 1272 g

461 1303 668 1367 minus
700 1307 997 1392 temporis
1021 1307 1342 1392 postulans
1359 1356 1376 1381 ,
1422 1330 1627 1394 neque
1654 1309 1763 1372 uni
1789 1309 1928 1372 loco
1960 1328 2061 1370 me
2086 1303 2364 1392 adfigens
2389 1311 2408 1389 j

459 1416 826 1496 praesertim
858 1418 978 1480 tale
1002 1467 1019 1494 ,
1074 1418 1138 1480 in
1166 1438 1293 1502 quo
1341 1419 1561 1482 liceret
1590 1418 1913 1482 itineribus
1943 1438 2058 1503 per
2087 1416 2423 1485 interiores·

460 1533 656 1590 terras
688 1526 954 1591 subinde
977 1529 1158 1592 factis
1189 1516 1488 1593 interesse
1518 1579 1534 1606 ‚
1592 1540 1655 1592 et
1685 1527 1856 1614 quod
1881 1529 2065 1614 genio
2097 1548 2239 1591 meo
2276 1526 2410 1621 aliis

461 1657 713 1721 quoque
738 1636 941 1700 modis
975 1640 1358 1704 conveniret.
1439 1639 1726 1724 Denique
1758 1640 2064 1724 optimum
2105 1640 2266 1703 foret
2295 1688 2312 1717 ‚
2357 1639 2410 1705 si

463 1744 744 1830 aliquod,
765 1747 910 1810 licet
926 1746 1268 1835 mediocre,
1295 1750 1591 1813 salarium
1611 1770 1726 1835 pro
1774 1759 2066 1840 queretur
2083 1748 2323 1815 homini
2344 1748 2409 1813 in

457 1853 779 1938 productis
812 1857 1199 1922 naturalibus
1238 1848 1505 1942 regio'nis
1538 1858 1718 1921 utilib
1825 1856 2182 1940 detegendis
2222 1866 2410 1942 atque

455 1962 837 2028 illustrandis
887 1965 1146 2031 intento.
1226 1967 1349 2030 Per
1378 1968 1496 2030 iter
1528 1964 1914 2051 quadrienne
1943 1975 2185 2029 tantum
2209 1967 2273 2029 in
2305 1963 2413 2040 obp

458 2072 751 2138 servandi
781 2084 910 2138 arte
931 2123 948 2148 ,
984 2097 1176 2161 quam
1207 2097 1245 2140 a
1274 2076 1533 2140 scientia
1562 2075 1832 2139 naturali
1881 2076 2278 2137 Musaeorum
2320 2072 2407 2167 di,-

456 2185 876 2250 versissimmn
901 2186 1105 2273 faciog,
1142 2178 1416 2271 profeci,
1472 2188 1633 2250 utin
1663 2186 1968 2250 botanicis
2001 2194 2189 2270 atque
2216 2185 2406 2257 mine,-

456 2295 745 2382 ralogicis
783 2297 1076 2361 Societati
1106 2306 1349 2362 vestrae
1387 2296 1638 2363 Indicae
1669 2298 1733 2361 in
1765 2297 1872 2359 tali
1901 2296 2156 2382 regione
2187 2295 2408 2371 consti,

459 2412 627 2468 tutus
676 2405 839 2470 forte
887 2407 1055 2470 utilis
1088 2426 1222 2470 esse
1249 2428 1500 2492 possem
1517 2432 1544 2485 ·‚
1595 2406 1964 2492 praesertim
1995 2405 2046 2467 si
2084 2403 2407 2468 itineribus

456 2512 754 2579 iuteresse
774 2514 1075 2588 dai-etun
1103 2519 1198 2582 En
1220 2517 1332 2582 tibi
1349 2528 1624 2586 mentem
1649 2532 1854 2591 meam
1870 2568 1886 2595 ‚
1925 2516 2286 2592 sincerrime
2306 2536 2406 2606 ex7

455 2625 723 2711 positam
753 2627 768 2690 !
817 2662 906 2673 -
949 2627 1014 2690 Si
1036 2627 1354 2691 liberrime
1381 2630 1514 2707 sine
1543 2630 1673 2693 ullo
1705 2650 1965 2693 munere
1989 2628 2201 2693 vivere
2223 2647 2407 2712 posse

337 2810 341 2815 ,
455 2743 637 2818 putas
661 2785 679 2811 ‚
736 2736 955 2800 saltem
990 2735 1216 2804 v'ellem
1259 2744 1330 2798 ut
1373 2738 1585 2820 aliqua
1610 2745 1773 2799 esset
1803 2737 2135 2800 auctoritas
2163 2758 2196 2798 a
2226 2745 2403 2819 parte

455 2844 773 2908 Societatis
806 2841 1296 2908 Indicae.addita
1326 2895 1342 2921 ‚
1374 2854 1466 2922 ut,
1499 2846 1642 2908 lic-et
1664 2846 1798 2912 sine
1818 2847 2042 2908 salario
2063 2895 2079 2922 ‚
2108 2843 2282 2929 quod
2300 2867 2402 2920 me

454 2955 651 3040 magis
702 2952 1115 3041 adstringeret
1142 3006 1158 3033 ‚
1238 2956 1697 3020 committerent
1754 2955 1911 3017 mihi
1962 2977 2179 3019 curam
2230 2956 2403 3040 inve7

453 3051 828 3127 niendorum
866 3041 1303 3148 vegetabilium
1335 3062 1417 3127 ad
1444 3064 1686 3128 colores
1713 3112 1731 3140 ‚
1785 3084 1969 3127 usum
1997 3062 2407 3152 domesticum

450 3173 551 3235 vel
580 3171 895 3238 medicum
925 3174 1172 3238 utilium
1196 3225 1212 3252 ‚
1261 3175 1536 3259 itemque
1566 3173 1872 3237 fossilium
1896 3173 1997 3252 yel
2020 3174 2405 3260 minerarun}

452 3306 488 3346 e
519 3285 746 3370 quibus
782 3286 1273 3350 emolumentum
1303 3286 1653 3371 exspectari
1686 3285 1921 3370 possit3
1958 3281 2173 3347 addita
2195 3283 2404 3372 condis

452 3393 625 3464 tione
644 3443 660 3470 ‚
714 3403 785 3457 ut
809 3395 1063 3460 inventa
1103 3395 1277 3459 utilia
1306 3394 1586 3479 praemio
1622 3413 1751 3456 non
1784 3401 2104 3466 carerent,
2157 3393 2258 3456 vel
2286 3394 2406 3470 sala-

450 3505 562 3569 tim
576 3526 883 3590 expensae
901 3506 1366 3571 inventionibus
1381 3502 1839 3591 impendendae
1854 3523 1983 3567 non
1998 3503 2403 3586 fierentmeae

450 3637 784 3681 crumenae
817 3618 1207 3681 onerosiores
1232 3641 1250 3699 3
1303 3614 1478 3701 quod
1508 3615 1874 3701 praesertim
1907 3624 2197 3698 respectu
2227 3615 2404 3684 itiner

448 3748 590 3790 rum
620 3725 1147 3792 instituendorum
1174 3727 1436 3812 capitale
1459 3723 1733 3790 videtur.
1767 3723 2070 3788 Liberum
2093 3722 2401 3810 denique,

446 3837 631 3901 etiam
662 3839 793 3902 sine
822 3837 1191 3912 ¹conditione
1220 3837 1384 3901 facta
1411 3887 1427 3914 ‚
1462 3835 1617 3898 mihi
1644 3835 1779 3899 fore
1799 3834 2084 3900 'arbitror
2108 3885 2125 3912 ‚
2162 3856 2262 3899 res
2293 3858 2403 3916 na,-

447 3948 674 4012 turales
702 3949 767 4012 in
791 3949 1109 4034 Europam
1136 3944 1419 4014 mittendi
1450 3944 1803 4025 amiciS.2-—
1836 3945 2011 4010 Haec
2040 3945 2249 4010 omnia
2277 3955 2407 4012 tan·
