2952 5080
516 518 600 561 r.
636 521 693 561 1..-
728 519 1058 562 sumno
1433 498 1569 563 244
2111 518 2464 567 πωπω.

534 727 708 810 potui
736 735 798 790 et
825 747 905 789 ex
923 726 1231 812 promisso
1262 746 1402 801 meo
1418 773 1435 805 ‚
1480 726 1726 811 saepius
1747 723 1894 789 dato
1923 772 1940 802 ‚
1974 745 2054 787 ex
2082 725 2285 792 insula
2310 727 2476 793 dicta

532 857 680 901 cum
724 837 869 927 navi
916 836 1382 925 (Packscltuyt)
1425 833 1963 919 Amstelodamum
1994 837 2136 900 misi
2173 839 2476 905 Disserta-

532 945 729 1013 tiones
782 945 934 1010 XXI
962 996 979 1025 ‚
1035 926 1262 1010 herhas
1292 996 1308 1023 ‚
1354 946 1604 1011 thecam
1646 947 2025 1011 insectorum
2053 996 2070 1024 ,
2124 956 2187 1010 et
2210 949 2469 1013 semina.

533 1053 769 1121 Addidi
836 1058 1023 1127 etiam
1092 1056 1327 1121 semina
1382 1057 1759 1123 Professoris
1814 1076 1936 1122 van
1980 1057 2198 1142 Royan
2221 1107 2238 1135 ,
2314 1076 2475 1142 quae

530 1163 688 1230 dum
728 1165 970 1232 occasio
999 1187 1136 1243 sese
1169 1166 1464 1230 obtulerit
1492 1217 1509 1245 ‚
1560 1187 1743 1252 spero
1774 1174 1843 1229 ut
1870 1166 1929 1229 ei
1958 1166 2186 1230 mittas.
2239 1146 2468 1252 Herbis

531 1277 873 1341 inscribere
910 1262 1164 1341 nomina
1193 1286 1434 1362 tempus
1472 1299 1600 1341 non
1638 1276 1954 1362 permisit,
1998 1275 2109 1340 sed
2134 1277 2470 1342 inscribam

530 1390 692 1454 forte
739 1389 888 1453 olim
907 1437 925 1463 ,
980 1390 1032 1454 si
1073 1389 1199 1452 fata
1228 1389 1381 1453 mihi
1429 1411 1557 1453 non
1601 1368 2046 1481 denegaverint
2084 1387 2467 1454 Amstcloda-

530 1523 706 1566 mum
750 1500 977 1564 redire.
1055 1501 1178 1564 Pro
1211 1500 1552 1575 seminibus
1581 1550 1597 1577 ‚
1649 1502 1770 1565 alia
1799 1497 2034 1563 semina
2067 1500 2252 1564 etiam
2279 1510 2467 1587 atque

531 1613 716 1676 etiam
740 1611 1007 1695 expetita
1027 1611 1195 1676 volo.
1268 1612 1365 1675 Ex
1392 1609 1460 1675 E
1460 1615 1620 1675 m’cz‘s
1641 1612 1785 1698 illis,
1832 1630 2099 1697 quarum
2128 1612 2369 1698 copiam
2391 1618 2468 1680 ti-

419 1778 424 1782 .
527 1722 593 1785 bi
617 1771 633 1799 ‚
668 1730 930 1807 patrone
961 1721 1190 1806 optime
1215 1771 1231 1800 ,
1266 1723 1502 1807 placuit
1533 1720 1682 1789 dare
1712 1722 1866 1786 mihi
1884 1771 1901 1800 ‚
1941 1722 2177 1808 aliquot
2191 1721 2329 1808 jam
2353 1725 2492 1788 ela--

525 1833 745 1898 boravi
789 1833 1025 1917 species
1042 1857 1070 1916 ⁴3
1107 1855 1310 1929 *quam
1347 1835 1624 1919 primum
1662 1856 1876 1900 omnes
1904 1834 2258 1925 examinare
2280 1845 2344 1899 et
2371 1835 2472 1900 de-
2545 1882 2552 1893 x

525 1942 798 2006 scribere
838 1950 1082 2027 tempus
1122 1943 1440 2028 permittat
1455 1993 1472 2021 ,
1526 1943 1972 2030 descriptiones
2007 1945 2470 2031 qualescunque

524 2054 974 2119 transmittam:
1033 2052 1217 2118 deleo
1236 2086 1265 2132 ·‚
1321 2076 1424 2121 me
1454 2077 1578 2120 non
1608 2056 1847 2122 habere
1872 2056 1955 2122 ad
1982 2072 2206 2121 manus
2236 2058 2471 2123 Aucto-

525 2186 655 2240 res,
709 2185 983 2250 quorum
1014 2165 1180 2230 circa
1206 2166 1331 2231 hoc
1357 2187 1552 2251 genus
1581 2167 1813 2252 figuras
1846 2169 2170 2233 consulere
2190 2188 2464 2253 possem.

615 2274 910 2355 Quotidie
916 2273 1055 2360 jam
1076 2254 1414 2362 occupatus
1428 2277 1647 2341 sum-in
1660 2276 2040 2343 dissecandis
2055 2276 2466 2342 cadaveribus
2581 2292 2586 2296 ’

406 2402 412 2409 ·
521 2384 994 2453 etaddiscendis
1014 2388 1478 2474 operationibus
1510 2388 1875 2474 chirurgicis
1896 2437 1913 2465 ,
1958 2408 2111 2473 quas
2133 2385 2467 2453 exercendi

520 2496 662 2563 heic
697 2500 934 2583 optima
947 2548 965 2574 ,
1001 2499 1085 2564 ob
1110 2500 1356 2583 copiam
1381 2496 1761 2563 cadaverum
1776 2546 1794 2572 ,
1824 2519 1959 2564 sese
1990 2496 2172 2563 offert
2194 2499 2462 2564 occasio.

471 2662 479 2666 -
523 2610 595 2674 Si
634 2609 869 2674 litteras
918 2609 1002 2675 ad
1053 2618 1282 2674 memet
1331 2608 1483 2674 dare
1539 2606 1714 2674 haud
1773 2607 2131 2698 dedigneris
2159 2660 2176 2687 ‚
2250 2612 2468 2675 titulus

524 2719 683 2785 eritt
728 2720 773 2784 ὰ
800 2719 1038 2799 Panis,
1071 2717 1340 2786 Rue&
1375 2715 1650 2806 Juquea‚
1679 2724 1780 2784 vis
1805 2720 1848 2784 ὰ
1876 2724 1978 2785 vis
2004 2721 2240 2806 l’dqlzke
2262 2721 2339 2785 de
2364 2716 2463 2787 St.

529 2829 718 2913 Yvex,
738 2834 899 2896 chez
922 2831 1184 2897 Monsr.
1218 2833 1537 2897 Personne
1554 2883 1571 2911 ‚
1600 2830 1852 2896 Maitre
1873 2831 2197 2898 coutelzer.

613 2942 902 3026 Digneris
937 2942 1161 3020 velim,
1199 2943 1467 3007 Patrone
1500 2942 1770 3028 optime,
1824 2941 2041 3006 favore
2071 2950 2181 3005 tuo
2216 2961 2317 3032 me
2335 2961 2468 3006 am-

525 3050 745 3135 piecti,
782 3050 892 3134 qui
919 3048 1001 3113 ad
1030 3072 1257 3137 rogum
1286 3074 1486 3138 usque
1517 3072 1779 3125 maneo,
1810 3050 2241 3136 maneboque‚
2307 3117 2312 3122 ,
2407 3113 2412 3120 ,

618 3160 734 3228 Vir
763 3159 1138 3247 amplissime
1161 3172 1349 3248 atque
1378 3163 1648 3227 Patrone
1669 3162 1933 3247 optime,

798 3274 966 3336 Tuus
994 3274 1185 3337 cliens
1215 3275 1542 3358 cultorque
1565 3271 2196 3358 obsequentissimus,

1263 3400 1598 3457 CAROLUS
1621 3400 1912 3456 PETRUS
1933 3397 2365 3457 TnUNBERG.

712 3503 957 3568 Parisiis
981 3501 1049 3568 d.
1089 3504 1173 3570 10
1196 3505 1420 3570 Mensis
1452 3503 1682 3569 Christi
1717 3503 1907 3572 1770.

1280 3812 1723 3838 ἡ
