2952 5080
514 495 783 545 munuc
1427 473 1518 538 ὅθ
1875 495 1939 536 Ν.
1973 496 2034 538 1..
2063 490 2449 545 scammus-

566 768 571 775 ,
600 703 791 777 Hisce
816 699 1046 785 aceptis
1066 746 1089 791 ,¹
1133 698 1488 794 accepimus
1520 700 1749 764 iterum
1775 698 2273 785 pulcherrimum
2289 704 2453 769 ,Her-

512 815 763 881 barium
799 812 1015 878 vivum
1056 811 1337 896 Capense
1358 859 1375 889 ,
1430 809 1544 877 ubi
1571 812 1756 896 plura
1784 807 2071 885 nondum
2098 812 2235 878 visa
2262 812 2453 878 inter-

512 932 679 1002 sunt,
700 929 1123 992 tercentarum
1142 917 1230 982 ad
1246 920 1578 991 minimum
1602 920 1980 1004 plantarum.
2018 920 2295 987 Tentabo
2311 932 2455 1008 post

511 1048 745 1100 annum
772 1048 973 1097 unum
1003 1032 1393 1116 altertnnque
1421 1031 1677 1095 Floram
1701 1027 1890 1095 edere
1912 1030 2259 1116 Capensem
2275 1082 2293 1111 ‚
2341 1033 2453 1098 ubi

509 1145 615 1212 nil,
629 1144 748 1209 nisi
770 1143 1113 1230 figuras.ex
1151 1141 1330 1207 siccis
1360 1140 1803 1226 speciminibus
1829 1140 2154 1207 desumtas
2177 1140 2407 1208 addam
2424 1194 2445 1224 ,

508 1254 562 1318 si
589 1245 761 1322 nunc
780 1254 977 1320 velles
1000 1252 1340 1350 specimina
1367 1250 1474 1316 illa
1500 1253 1787 1337 sequenti
1815 1272 1980 1316 anno
2002 1251 2260 1330 habere,
2289 1275 2453 1340 quae

508 1366 576 1430 in
632 1364 828 1451 duplo
856 1362 1287 1449 possideamus
1305 1412 1322 1441 ‚
1340 1383 1607 1449 possem
1638 1361 1755 1426 tibi
1778 1363 2233 1444 transmittere5
2270 1364 2326 1427 si<
2351 1386 2455 1430 re-

445 1464 448 1471 ’
507 1476 719 1541 mittas
739 1475 985 1560 plantas
1003 1523 1020 1552 ‚
1077 1490 1234 1559 'quas
1256 1462 1622 1539 adhucdum
1651 1495 1691 1538 a
1714 1495 1817 1537 me
1847 1472 2020 1541 domi
2041 1483 2185 1539 tuae
2214 1496 2450 1543 servas.

530 1646 533 1651 .
597 1583 702 1649 An
721 1581 1012 1668 jamdum
1032 1581 1241 1650 vidisti
1263 1581 1525 1648 Gerardi
1548 1584 1794 1669 plantas
1816 1605 1853 1648 e
1876 1584 2408 1670 Gallo—provincia
2425 1636 2448 1666 ,

507 1694 683 1779 liber·
714 1717 918 1781 nuper
959 1694 1210 1783 Parisiis
1232 1693 1455 1761 ‘editus
1479 1696 1546 1758 in
1586 1703 1807 1762 octavo
1833 1745 1850 1775 ,
1899 1717 2044 1760 eum
2070 1696 2453 1782 quibusdam

507 1805 725 1895 figuris
738 1829 763 1890 3*
792 1803 1127 1889 Emetum
1165 1805 1410 1891 Royeni
1450 1803 1561 1869 diu
1579 1801 1873 1890 jamdum
1907 1803 2330 1871 desideratum
2352 1827 2453 1871 ac-
2551 1840 2560 1841 ff

511 1916 848 2002 cipiemus,
883 1916 955 1980 ut
976 1913 1218 1988 audivi,
1254 1898 1451 1980 hacce
1473 1926 1729 1983 aestate.
2125 1900 2128 1901 ἦ

601 2021 948 2091 Gladz‘olus
976 2025 1269 2108 plicatus
1301 2046 1557 2112 quoque
1582 2025 1706 2092 hac
1734 2036 1965 2092 aestate
2005 2027 2249 2106 floruit,
2296 2036 2367 2092 ut
2388 2036 2454 2092 et

505 2133 782 2201 Maraeu
803 2135 1026 2202 Milleri
1040 2183 1059 2209 ,
1109 2133 1225 2199 sed
1249 2133 1439 2220 hujus
1457 2138 1698 2201 corolla
1715 2158 2061 2224 numquam
2080 2137 2210 2202 fere
2237 2146 2452 2222 aperta

504 2255 568 2309 et
594 2246 790 2311 mirae
828 2254 1176 2310 structurae
1200 2245 1353 2330 fuit3
1411 2245 1652 2311 semina
1675 2268 1797 2332 pro
1816 2256 1878 2310 te
1900 2247 2191 2333 colligam
2224 2255 2289 2311 et
2313 2246 2451 2310 mit·

503 2364 633 2421 tam
650 2405 668 2435 ‚
720 2376 867 2421 cum
906 2346 1174 2442 pessime
1207 2356 1476 2424 siccetur
1499 2406 1515 2435 ‚
1559 2356 1745 2421 floret
1772 2357 1977 2442 primo
2001 2377 2174 2422 vere.
2369 2438 2372 2441 .

569 2466 800 2531 Dicunt
823 2476 885 2530 et
904 2467 1011 2532 hic
1037 2488 1288 2556 quoque
1306 2490 1409 2532 me
1430 2466 1766 2535 ducturum
1777 2466 2145 2554 propediem
2156 2488 2450 2555 uxorem;

503 2598 621 2665 ego
643 2588 852 2643 tamen
876 2577 1159 2646 nondum
1173 2579 1324 2660 scic,
1348 2601 1572 2646 verum
1591 2559 1721 2658 est?
1738 2577 1911 2666 quod
1922 2580 2132 2668 plures
2145 2577 2408 2644 viderim
2424 2628 2442 2657 ,

504 2707 659 2773 quas
689 2688 851 2753 forte
899 2691 1179 2776 accipere
1197 2693 1446 2776 possem
1465 2739 1483 2769 ,
1523 2691 1758 2754 multae
1776 2711 1928 2756 vero
1953 2679 2459 2757 circumstantia&

502 2796 950 2863 examinandae
973 2808 1036 2862 et
1050 2799 1214 2864 bene
1238 2798 1751 2886 perpendendae,
1776 2808 2112 2884 antequam
2132 2797 2453 2884 negotium

502 2909 656 2982 tanti
686 2910 985 2980 momenti
1009 2908 1403 2989 absolvatur,
1434 2931 1584 2975 cum
1608 2931 1738 2974 non
1759 2930 1876 2994 per
1904 2930 2142 2974 annum
2160 2959 2178 2988 ‚
2213 2906 2326 2982 scd
2347 2957 2364 2986 ‚
2400 2907 2455 2972 si

505 3016 638 3081 fors
663 3017 751 3083 ita
778 3020 987 3083 tulerit
1009 3070 1027 3099 ,
1069 3029 1264 3096 totam
1294 3029 1564 3086 aetatem
1595 3020 1857 3084 feliciter
1878 3067 1896 3099 ,
1925 3022 2026 3084 vel
2054 3018 2456 3084 infelicissimi

505 3126 851 3214 transigere
875 3127 1242 3196 debeamus.

592 3236 832 3301 Floruit
871 3219 1123 3328 quoque
1164 3241 1284 3305 alia
1336 3235 1640 3308 Gladz’oli
1662 3234 1786 3326 'Sp.
1807 3287 1826 3319 ‚
1877 3235 2053 3323 cujus
2076 3241 2283 3327 pet-ala
2313 3260 2451 3306 con·

482 3347 717 3430 ⁴voluta
759 3349 936 3432 quasi
978 3351 1045 3414 in
1086 3351 1321 3437 spiram
1359 3335 1585 3414 eodem
1613 3346 1829 3428 modo,
1871 3350 1963 3413 uti
1993 3349 2141 3416 folia
2159 3350 2233 3415 F
2224 3353 2454 3415 rinna-

504 3458 646 3520 riae
666 3456 837 3522 illius
857 3457 1150 3545 Capensis
1166 3507 1184 3533 ,
1216 3460 1349 3522 sine
1381 3456 1575 3532 dubio
1599 3458 1711 3524 tibi
1738 3467 1959 3534 notae,
1990 3458 2168 3546 cujus
2186 3460 2453 3526 bulbum

510 3575 654 3632 ante
678 3551 948 3655 quatuor
971 3592 1167 3637 annos
1198 3571 1578 3657 accepimus.
