2952 5080
554 584 922 632 semanimo
1460 558 1590 625 164
2008 582 2067 626 s.
2094 580 2486 629 nunnus.

549 801 666 858 est.
715 792 839 855 Pro
868 808 944 852 eo
972 775 1125 864 tibi;
1176 785 1277 853 vir
1289 773 1658 850 'doctissime
1686 834 1704 863 ‚
1738 783 1968 873 gratias
1992 807 2113 873 ago
2142 789 2445 856 maximas
2465 787 2501 867 ,A

530 902 789 987 -eritque
828 899 984 963 mihi
1019 917 1263 962 summa
1300 897 1590 981 voluptas
1641 897 1709 959 in
1757 906 2075 981 posterum
2121 900 2366 985 reliqua
2397 902 2492 967 vi-

524 1009 698 1075 rdere
739 986 992 1084 tuor-dm
1026 1003 1315 1072 laborum
1347 1028 1541 1092 opera
1566 1057 1584 1086 ,
1637 1007 1816 1093 sique
1846 1006 2305 1075 commercium
2328 1012 2492 1076 litte-

546 1119 783 1185 rarium
834 1138 1084 1183 mecum
1133 1137 1426 1180 exercere
1471 1115 1626 1182 velis
1650 1167 1667 1196 ‚
1729 1125 2035 1202 quantum
2065 1119 2220 1181 mihi
2243 1127 2490 1205 tempus

524 1227 612 1293 -id
634 1227 932 1315 permittit
950 1274 969 1300 ,
998 1225 1118 1291 erit
1141 1225 1294 1289 mihi
1320 1246 1565 1289 summo
1596 1224 2070 1296 delectamento.

634 1339 892 1405 Interim
941 1337 1143 1424 amico
1175 1346 1283 1400 tuo
1316 1334 1547 1400 tradidi
1585 1335 1995 1399 The-vaurum
2019 1357 2232 1401 meum
2256 1335 2486 1424 Zeyla-
2570 1413 2575 1418 .

543 1452 765 1511 mcum
786 1496 803 1526 ,
839 1447 929 1510 uti
964 1454 1027 1509 et
1054 1444 1344 1508 Devades
1361 1446 1751 1529 plantarum
1773 1441 2262 1534 Asnbanarum
2286 1496 2303 1524 ‚
2331 1469 2487 1534 quas

543 1556 655 1621 tibi
703 1555 870 1620 dono
923 1554 1116 1619 offero
1161 1555 1224 1617 in
1268 1555 1537 1618 nominis
1574 1555 1665 1619 tui
1707 1564 1771 1619 et
1821 1556 2189 1620 meritorum
2236 1566 2491 1621 tuorum

543 1666 807 1753 gratiam
856 1675 919 1730 et
963 1665 1502 1729 aestumationem.
1550 1664 1725 1731 Haec
1753 1685 1829 1730 eo
1851 1717 1867 1745 ,
1917 1686 2145 1751 precor
2163 1716 2180 1745 ,
2198 1669 2488 1753 accipias

544 1775 753 1841 animo
782 1827 799 1856 ‚
833 1797 960 1863 quo
993 1776 1104 1854 tibi
1129 1774 1480 1840 offeruntur
1498 1809 1539 1853 ‚e
1563 1776 1807 1840 sincero
1832 1797 2058 1862 nempe
2086 1785 2149 1841 et
2169 1777 2437 1843 candido
2464 1797 2486 1864 ‚⁶

544 1885 656 1950 sed
699 1887 766 1951 in
812 1886 985 1952 hisce
1009 1886 1174 1950 meis
1230 1886 1525 1971 operibus
1575 1907 1705 1950 non
1741 1887 1927 1951 istam
1957 1888 2439 1955 exactitudinem
2465 1939 2484 1970 ‚

545 2017 751 2082 neque
773 1998 958 2061 istam
981 1995 1332 2060 doctrinam
1361 1996 1635 2081 reperies
1665 2046 1682 2075 ‚
1726 2018 1889 2082 quae
1916 1998 1983 2060 in
2012 1979 2133 2062 tuis
2160 1997 2488 2085 splendent

541 2104 834 2190 operibus
859 2154 877 2184 ,
931 2104 1103 2192 quod
1149 2104 1301 2169 mihi
1335 2126 1464 2170 non
1487 2106 1775 2191 permisit
1806 2109 2102 2192 temporis
2133 2109 2397 2194 penuria
2424 2119 2487 2176 et

533 2214 877 2300 frequentis
898 2213 1295 2302 quotidianae
1314 2236 1581 2301 praxeos
1608 2218 1959 2302 occupatio.
1982 2218 2311 2284 Praeterea
2334 2240 2487 2304 quo·

530 2335 655 2412 qu'e
697 2326 780 2391 ab
824 2328 1065 2412 aliquot
1110 2327 1290 2391 annis
1322 2324 1462 2411 jam
1503 2325 1793 2393 insudavi
1830 2329 2003 2413 operi
2029 2328 2429 2413 Rumphiano
2457 2379 2476 2410 ,

534 2435 708 2523 quod
749 2459 828 2501 cx
880 2459 989 2502 sex
1035 2438 1391 2526 ingentibus
1430 2447 1674 2504 constat
1713 2439 2133 2504 voluminibus
2166 2440 2233 2503 in
2275 2440 2424 2505 folio
2448 2491 2467 2520 ‚

532 2569 682 2613 sane
724 2545 900 2612 haud
932 2550 1129 2643 multo
1167 2549 1565 2614 inferioribus
1597 2550 1797 2614 Horto
1823 2548 2200 2617 malabarico
2228 2599 2246 2628 ‚
2296 2548 2475 2639 cujus

527 2657 681 2721 tomi
728 2659 1004 2745 quinque
1046 2661 1179 2751 jam
1225 2669 1370 2725 sunt
1415 2659 1684 2725 absoluti
1712 2669 1774 2725 et
1798 2660 2129 2749 impressi,
2179 2670 2474 2755 sextaque

526 2754 695 2832 nunc
727 2767 1106 2854 imprimitur
1128 2792 1300 2861 pars.
1371 2772 1555 2851 Faxit
1596 2771 1794 2844 Deus,
1832 2780 1903 2835 ut
1932 2769 2122 2834 finem
2144 2766 2277 2855 ejus
2306 2768 2472 2836 vide·

526 2898 630 2942 am
658 2928 675 2955 ‚
717 2877 889 2964 quod
921 2902 1112 2966 quam
1141 2880 1409 2946 maxime
1435 2876 1755 2946 desidero.

613 2987 885 3051 Unicum
929 2998 1251 3072 praeterea
1293 2987 1527 3054 addam
1560 2998 1780 3054 votum
1807 3038 1824 3066 ‚
1883 2987 1936 3051 si
1977 3008 2201 3073 nempe
2231 2989 2472 3075 plantas

524 3094 829 3182 quasdam
856 3097 1053 3163 siccas
1092 3100 1198 3164 hic
1228 3101 1495 3164 rariores
1518 3120 1636 3184 pro
1667 3097 1979 3163 Herbario
2004 3119 2146 3162 meo
2176 3100 2470 3183 supplen-

523 3202 607 3268 do
652 3205 808 3268 mihi
860 3226 1083 3271 curare
1135 3208 1326 3271 velles
1357 3256 1375 3285 ‚
1432 3206 1552 3270 erit
1595 3205 1751 3270 mihi
1787 3226 1980 3291 quam
2022 3206 2464 3293 gratissimum.

523 3315 853 3380 Caeterum
887 3318 1057 3381 Deus
1089 3325 1294 3383 servet
1322 3326 1384 3381 te
1411 3315 1523 3381 diu
1552 3316 2023 3381 incolumemin
2050 3316 2471 3403 publioieom-

520 3424 781 3490 modum
822 3447 897 3491 ac
933 3427 1262 3491 utilitatem
1299 3436 1362 3491 et
1396 3429 1462 3491 in
1486 3427 1759 3492 familiae
1802 3436 1945 3491 tuae
1976 3426 2374 3513 splendorem
2399 3445 2474 3490 ac

523 3532 850 3617 gaudium.
901 3537 1057 3603 Vale
1082 3587 1099 3616 ‚
1135 3538 1235 3604 vir
1263 3534 1621 3603 doctissime
1649 3587 1667 3617 ,
1717 3558 1945 3624 meque
1976 3550 2189 3605 amore
2211 3547 2273 3602 et
2299 3537 2470 3603 favo-

519 3663 589 3707 re
615 3652 724 3709 tuo
749 3666 1156 3731 prosequere.
1182 3647 1190 3657 ‘

607 3753 856 3820 Dabam
888 3752 1374 3851 Amstelaedami
1405 3755 1469 3822 d.
1502 3758 1767 3823 251un.
1802 3756 2006 3825 1748.
