2952 5080
523 554 578 595 J.
609 550 943 600 Bunumo
1422 528 1541 608 151
2123 544 2462 598 numus.

526 781 653 847 qua
698 761 1059 846 plantarum
1101 745 1216 824 soli
1259 758 1626 825 Germanici
1672 754 1965 828 adrident
1978 807 1995 836 ‚
2051 777 2311 844 operam
2338 775 2470 820 me-

526 892 630 935 am
659 870 883 935 offero.
2222 861 2225 864 ’

613 982 901 1050 Primum
946 989 1010 1044 et
1059 976 1409 1055 secundum
1459 979 1589 1044 vol.
1666 978 1783 1042 Tui
1823 976 2033 1062 operis
2087 969 2474 1061 Rumphiani

523 1091 855 1179 posside03
895 1098 1052 1178 quot
1074 1088 1414 1156 succedent
1432 1098 1498 1154 et
1510 1111 1599 1155 an
1629 1086 1870 1175 aliquid
1884 1086 2126 1173 prodiit
2151 1087 2475 1188 posthaec
2560 1175 2563 1178 A

515 1202 564 1268 2
592 1203 722 1269 vol.
745 1201 779 1266 ⁶?

610 1310 832 1392 Alias,
893 1312 1012 1375 nisi
1043 1309 1349 1397 displicet
1388 1309 1849 1376 commercium
1874 1357 1894 1387 ,
1944 1308 2144 1374 fusius
2173 1307 2469 1386 scribam,

517 1425 703 1492 Nunc
731 1435 793 1492 te
821 1426 1093 1489 salutare
1125 1433 1189 1488 et
1216 1424 1554 1490 amicitiam
1574 1432 1753 1487 tuam
1775 1419 2061 1508 flagitare
2089 1417 2426 1485 suffecerit.

780 1569 784 1575 ·
877 1536 1208 1621 Gottingae
1239 1534 1307 1601 d.
1341 1538 1433 1602 23
1457 1534 1628 1620 Aug.
1663 1529 1862 1603 1742.

603 1831 663 1870 2.
880 1808 1306 1871 Doctissimo
1343 1792 1411 1868 et
1447 1803 2113 1906 celeberrimo-Vir&

1035 1919 1040 1924 ’
1097 1923 1107 1933 ”
1131 1949 1204 2002 ι).
1230 1948 1306 2003 o.
1328 1947 1492 2005 son.
1519 1944 1834 2010 BURMAN
1851 1976 1906 2020 ‚‚

1458 2056 1529 2120 S.

1264 2191 1343 2247 A·
1385 2188 1708 2246 HALLER.

522 2324 710 2428 Non
746 2362 1133 2449 displicuisse
1161 2363 1412 2448 labores
1441 2353 1618 2426 meos
1650 2366 1864 2448 gratus
1884 2356 2041 2422 mihi
2071 2331 2331 2419 nuntius*
2353 2351 2475 2437 sig-

520 2474 801 2540 nificavit
840 2476 1102 2562 epistola
1117 2472 1208 2563 (*)
1253 2474 1424 2555 Tua,
1478 2493 1605 2559 qua
1639 2479 1823 2535 tuum
1843 2467 1998 2536 mihi
2026 2467 2308 2533 favorem
2335 2481 2475 2549 pro-

520 2586 736 2650 mittis.
810 2587 849 2650 J
849 2607 1069 2652 uvems
1127 2587 1234 2649 ille
1288 2583 1551 2651 Leidam
1598 2591 1772 2648 recta
1792 2578 1980 2659 adiit,
2030 2568 2236 2664 neque
2267 2583 2477 2639 tamen

433 2696 436 2701 ’
519 2695 723 2762 officio
749 2718 861 2762 suo
888 2697 1012 2761 alio
1036 2706 1317 2783 tempore
1346 2693 1571 2759 deerit.
1772 2682 1819 2737 Ὀ

611 2809 821 2873 Siccas
850 2808 1072 2893 stirpes
1103 2803 1408 2890 Alpinas,
1445 2802 1882 2886 Thuringica8‚
1930 2750 2308 2883 Hercynicas
2336 2792 2474 2856 Tibi

519 2919 817 3002 seposui,
873 2939 991 3002 per
1035 2914 1313 3002 aliquam
1358 2908 1901 3002 opportunitatem
1950 2904 2326 2984 mittendas,
2392 2922 2474 2966 ne

518 3035 694 3092 vasto
737 3027 938 3112 pretio
976 3029 1286 3092 constent.
1355 3027 1394 3091 J
1397 3044 1659 3090 enenses
1687 3023 1900 3108 plures
1925 3025 2216 3104 exspecto
2235 3065 2253 3095 ,
2310 3035 2472 3101 quae

520 3156 738 3203 omncs
767 3159 916 3202 cum
940 3138 1154 3203 amicis
1186 3156 1554 3202 communes
1582 3141 1790 3198 erunt.

608 3248 745 3334 Ego
795 3247 1050 3336 quidem
1096 3249 1203 3314 hic
1241 3226 1393 3314 satis
1417 3245 1760 3313 luculentis
1787 3243 1932 3310 vivo
1964 3232 2425 3305 conditionibus
2445 3281 2463 3310 ,

517 3378 726 3445 neque
756 3358 1102 3447 quidquam
1126 3359 1416 3426 desidero
1459 3360 1527 3423 in
1552 3356 1777 3437 salario
1802 3361 1910 3419 aut
1931 3345 2270 3424 cathedra,
2307 3361 2469 3428 quae

519 3471 675 3536 mihi
720 3493 1018 3538 concessa
1035 3482 1164 3538 est.
1219 3470 1348 3538 Sed
1377 3472 1496 3536 fuit
1535 3470 1815 3556 ingratus
1864 3461 2249 3548 discipuluS,
2309 3453 2461 3543 fuit,

418 3634 420 3645 Α
516 3585 824 3670 inquam,
839 3606 1023 3650 nam
1053 3585 1243 3663 abiit,
1282 3585 1391 3671 qui
1414 3605 1518 3647 me
1543 3583 1706 3645 inter
1734 3588 1797 3643 et
1820 3582 2118 3661 cognatos
2146 3567 2483 3657 proximos*

519 3697 863 3761 simultates
903 3696 1059 3760 mihi
1104 3695 1423 3760 suscitavit
1458 3700 1741 3770 atroces,
1782 3696 1867 3751 ut
1907 3681 2112 3749 taedia
2133 3690 2196 3746 et
2218 3674 2465 3744 fastidia

521 3873 976 4035 11ιίἔιί)ᾶΕῙ)ί3ιιιΙιί,
1010 3870 1315 3935 Burmanni
1331 3914 1348 3946 ,
1398 3866 1474 3930 ad
1502 3885 1679 3951 quam
1700 3862 1794 3926 hic
1822 3856 2131 3945 respondet
2155 3853 2413 3921 nanetus
2434 3894 2463 3926 ,

727 3974 863 4034 ee‘st.
2480 3999 2493 4013 .
