2952 5080
589 565 653 606 ιι.
687 566 745 607 ι..
778 557 1114 609 numano
1484 547 1620 611 254
1789 594 1794 597 -
2165 564 2520 615 musano.

672 772 767 837 4³».
817 773 1087 837 Thecam
1128 772 1395 839 ferream
1409 825 1425 852 ‚
1476 774 1713 839 semina
1744 792 1998 860 quoquc
2013 798 2020 803 ·
2033 772 2340 860 Capensia
2367 796 2520 842 con-

806 886 1129 955 tinentem.

669 996 909 1062 Plancis
953 999 1132 1064 siccis
1153 1007 1215 1062 et
1243 997 1648 1086 adglutinatis·
1664 997 1916 1061 nomina
1930 1045 1948 1075 ‚
2006 1007 2315 1083 quatenus
2341 1018 2524 1067 nove-

581 1108 703 1172 rim
723 1158 741 1187 ‚
769 1117 899 1173 tam
929 1118 1111 1174 antea
1138 1118 1285 1174 nota
1306 1131 1498 1197 quam
1519 1129 1681 1175 nova
1707 1129 1746 1173 a
1769 1128 1873 1172 me
1897 1107 2186 1194 imposita
2206 1110 2520 1195 inscripsi.

583 1217 935 1283 Seminibus
966 1219 1127 1283 bene
1149 1221 1363 1297 ‚multis
1388 1270 1405 1298 ‚
1449 1221 1616 1284 ultra
1643 1219 1778 1285 ³00
1800 1268 1817 1297 ‚
1854 1218 2107 1284 nomina
2137 1236 2390 1306 quoque
2421 1219 2536 1309 ads·

582 1326 714 1392 didi
722 1354 741 1393 ·.
808 1328 912 1395 Ad
960 1331 1217 1395 nobiliss
1230 1379 1245 1395 .
1293 1332 1594 1395 Dominus
1639 1329 1997 1394 Direetores
2046 1330 2186 1393 misi
2218 1344 2526 1396 novorum

580 1443 1024 1528 plerarumque
1075 1442 1386 1506 seminum
1412 1443 1765 1528 catalogum
1783 1488 1801 1514 ,
1851 1441 1943 1505 uti
1963 1448 2029 1504 et
2050 1439 2390 1549 bulherum
2408 1460 2558 1505 an·—

454 1616 458 1623 ,
583 1561 684 1616 tea
705 1554 1062 1617 missorum.

630 1662 833 1726 Cum
876 1662 1161 1747 proxime
1189 1661 1562 1727 abeuntibus
1600 1660 1864 1727 navibus
1888 1658 2097 1726 adhuc
2113 1659 2360 1726 mittam
2387 1662 2526 1726 her-

582 1770 831 1834 barium
860 1771 1129 1850 sicmm,
1164 1768 1413 1837 duabus
1446 1772 1646 1845 thecis
1668 1769 1936 1835 inditum
1959 1779 2034 1835 et·
2029 1771 2235 1856 penes
2255 1771 2524 1836 amali-

585 1901 698 1946 um
727 1902 845 1968 pro
865 1883 1055 1947 horto·
1076 1893 1309 1949 vestro.

674 1995 713 2057 J
714 1992 1175 2060 ucundissimae
1203 2016 1330 2060 non
1360 2003 1703 2081 potuerunt
1724 2010 1853 2058 non
1891 1994 2047 2058 mihi
2089 2010 2226 2060 esse
2249 2043 2266 2074 ,
2327 2014 2519 2080 quas,

587 2104 861 2169 Patrone
896 2107 1130 2193 optime
1153 2157 1168 2186 ‚
1221 2105 1305 2170 ad
1356 2128 1459 2171 me
1505 2105 1731 2174 dedisti
1770 2107 2008 2172 litteras
2031 2156 2049 2185 ‚
2102 2127 2386 2194 quasque
2415 2128 2524 2170 nu-

581 2217 853 2302 perrime
905 2218 994 2281 uti
1050 2227 1114 2282 et
1167 2220 1356 2284 Dom.
1403 2220 1803 2283 Directorum
1832 2218 2061 2302 scripta
2099 2216 2183 2294 ad
2210 2238 2312 2282 me
2355 2239 2394 2282 a
2422 2238 2525 2282 ca-

479 2378 485 2383 .
578 2329 827 2414 pitanec
877 2330 1075 2414 Popta
1114 2330 1350 2416 accepi.
1436 2327 1539 2393 ob
1576 2328 1711 2393 illas
1753 2350 1881 2392 non
1928 2328 2135 2392 minus
2154 2376 2171 2406 ,
2221 2347 2411 2412 quam
2438 2325 2524 2388 ob

579 2439 798 2505 missas
829 2440 1074 2504 ermini
1103 2462 1140 2506 a
1170 2442 1350 2505 Dom.
1378 2440 1580 2524 Popta
1607 2437 1864 2503 traditas
1881 2437 2178 2522 pecunias
2197 2486 2215 2514 ‚
2246 2457 2524 2501 summas

579 2550 690 2615 tibi
722 2573 842 2638 ago
868 2552 1224 2636 iterumque
1248 2571 1369 2637 ago
1392 2548 1646 2634 gratias.
1707 2549 1960 2612 Parenti
1987 2557 2097 2611 tuo
2117 2597 2134 2626 ‚
2183 2547 2525 2612 honoratis-
2647 2552 2658 2558 “

578 2661 736 2725 simo
762 2662 990 2726 fautori
1008 2681 1147 2724 meo
1168 2710 1185 2739 ‚
1217 2680 1497 2724 summas
1522 2680 1777 2745 quoque
1801 2657 1944 2724 dico
1969 2668 2199 2745 grates,
2248 2658 2524 2722 Praeter-

576 2775 752 2859 lapso
793 2772 1049 2837 biennio
1090 2770 1275 2837 valde
1314 2772 1824 2857 circumscriptae
1848 2771 2104 2835 fuerunt
2128 2770 2523 2834 circumstan-

578 2883 700 2948 tiae
744 2903 952 2957 meae,
1006 2883 1097 2947 sic
1124 2892 1196 2947 ut
1225 2881 1339 2946 tibi
1361 2933 1377 2961 ‚
1428 2892 1693 2968 patrone
1736 2881 1967 2967 optime
1987 2930 2003 2958 ‚
2045 2889 2109 2943 et
2134 2878 2353 2944 ceteris
2383 2879 2522 2943 fau·
2607 2869 2610 2874 ’

579 2998 818 3063 toribus
844 3000 999 3063 meis
1031 2999 1311 3063 summis·
1327 3019 1407 3064 ex
1430 3000 1772 3065 votis-meis
1799 2994 2157 3063 satisfacere
2182 3019 2309 3062 non
2337 3006 2522 3083 potu-

521 3183 526 3191 ·
580 3110 761 3175 erim.
812 3111 1154 3197 Postquam
1179 3112 1346 3177 enim
1371 3110 1643 3202 duorum
1669 3111 2174 3176 Gubernatorum
2199 3108 2523 3175 decessum

580 3225 766 3309 lugeo
785 3272 802 3301 ‚
850 3243 1101 3309 sperare
1145 3225 1404 3288 ulterius
1436 3244 1566 3287 non
1595 3222 1770 3307 potui
1790 3269 1809 3295 ‚
1841 3222 2083 3307 lapsam
2100 3242 2306 3285 meam
2335 3221 2522 3284 fortu-

583 3353 730 3396 nam
761 3343 1033 3399 erectam
1061 3334 1204 3400 heic
1227 3334 1327 3398 iri.
1375 3334 1709 3399 Praeterea
1728 3383 1745 3409 ‚
1769 3341 1840 3396 ut
1866 3332 2110 3417 saepius
2137 3315 2392 3416 scripsi,
2425 3328 2543 3393 de:

584 3442 702 3507 fuit
737 3444 802 3506 in
838 3445 994 3544 ’navi
1030 3441 1420 3529 Schoonzzth
1435 3494 1453 3523 ,
1506 3465 1652 3509 cum
1699 3464 1825 3530 qua
1854 3440 2117 3516 adveni..
2170 3427 2525 3506 nomencla-

586 3563 762 3632 tura,
810 3576 972 3640 quae
1005 3553 1143 3640 jam
1173 3556 1446 3640 primum
1488 3551 1775 3639 advenit3
1827 3553 1973 3619 ideo
2005 3554 2301 3619 salarium
2321 3549 2521 3627 illud,

587 3671 757 3752 quod
813 3666 962 3731 alias
1017 3666 1100 3730 ab
1146 3666 1368 3731 illustri
1404 3667 1693 3731 societate
1724 3665 1880 3731 mihi
1910 3664 2314 3737 conceditur,
2362 3661 2524 3725 acci-

586 3798 738 3862 pere
789 3799 915 3841 non
963 3779 1161 3863 potui.
1243 3777 1431 3842 Omni
1462 3773 1651 3867 igitur
1684 3779 1911 3844 auxilio
1943 3769 2213 3844 fuissem
2266 3750 2523 3838 destitu-

587 3894 728 3964 tus,
777 3885 895 3950 nisi
941 3887 1244 3951 Dominus
1290 3888 1532 3976 Bergh‚
1575 3889 1823 3975 politiae
1861 3888 2262 3963 secreta-im,
2320 3891 2525 3947 mutu·

588 3997 704 4061 atis
746 3999 1023 4084 pecuniis
1049 4008 1280 4065 memet
1298 3997 1701 4068 sublevasset.
1754 4002 1977 4066 Laetus
1990 3997 2128 4084 jam
2151 3995 2362 4064 debita
2385 4017 2523 4060 mea
