2952 5080
438 538 441 539 γ
527 509 591 551 n.
621 509 682 550 ι..
709 507 1043 552 nummo
1451 488 1588 553 230
2199 514 2471 561 >ranam

533 718 668 779 tum
697 733 942 800 expono
969 764 986 791 ‚
1036 734 1162 778 non
1193 715 1553 799 praescribo
1579 740 1598 798 ;
1656 735 1926 802 namque
1955 717 2022 780 in
2047 726 2221 785 tanta
2250 720 2475 789 distan-

534 827 620 889 tia
639 875 655 900 ‚
720 845 913 910 quum
947 825 1189 889 litterae
1238 827 1341 890 vix
1384 827 1549 890 intra
1582 846 1691 889 sex
1722 847 1966 890 menses
1994 837 2216 894 mutuo
2246 830 2478 911 deferri

425 938 433 949 ‘
490 976 500 985 -
536 937 720 1001 nobis
773 938 1013 1022 possint
1034 985 1053 1011 ‚
1109 958 1603 1024 responsumque
1651 938 1962 1024 integrum
2007 961 2245 1007 annum
2266 954 2483 1028 postu-

534 1051 623 1113 let
645 1100 662 1127 ,
718 1072 845 1114 non
899 1060 1161 1136 possunt
1205 1051 1410 1114 omnia
1447 1060 1682 1135 mutuo⁴
1711 1052 2057 1115 litterarum
2102 1056 2483 1120 commercio

534 1158 699 1238 bene
730 1160 979 1226 discuti.
1060 1162 1278 1247 Itaque
1305 1161 1417 1225 tibi
1447 1182 1584 1225 rem
1606 1170 1797 1225 totam
1829 1164 2148 1227 committo
2175 1214 2193 1242 ‚
2245 1174 2481 1250 tuoque

525 1259 767 1355 judicio
797 1271 1239 1358 perficiendam
1265 1273 1451 1336 etiam
1484 1282 1671 1358 atque
1693 1273 1888 1337 etiamr
1905 1273 2305 1340 commendo.
2354 1277 2484 1340 Iter

535 1404 749 1448 meum
778 1385 1028 1473 finietur
1055 1404 1202 1449 vere
1232 1384 1378 1446 anni
1414 1382 1588 1451 1774
1602 1407 1621 1465 3
1671 1385 1807 1463 vel,
1859 1385 1911 1447 si
1956 1406 1994 1449 a
2031 1394 2091 1448 te
2121 1388 2295 1471 prius
2326 1386 2478 1451 acci-

533 1496 705 1582 piam
731 1498 963 1565 litteras
987 1546 1004 1574 ‚
1037 1515 1209 1582 quae-
1228 1516 1401 1580 spem
1423 1495 1785 1580 propiorem
1811 1494 2141 1560 ostendant
2168 1547 2185 1575 ,
2207 1494 2345 1591 jam
2373 1518 2477 1561 au-

537 1600 760 1670 tumno
809 1607 909 1670 vel
961 1607 1183 1691 hyeme
1233 1604 1502 1688 proximi
1562 1605 1709 1667 anni
1762 1605 2123 1690 Petropolin
2173 1615 2474 1670 revertar.

538 1715 676 1779 Erit
717 1726 868 1781 tunc
917 1716 1271 1780 semiannus
1304 1713 1386 1780 ad
1414 1715 1747 1779 minimum
1779 1715 2250 1814 impendendus
2267 1717 2479 1782 elabo-

536 1828 881 1892 rationibus
905 1877 923 1906 ‚
978 1784 1547 1913 quasffloademiad
1590 1825 1792 1891 debeo
1807 1875 1826 1901 ,
1891 1846 2098 1914 neque
2151 1850 2383 1894 munus
2410 1830 2477 1893 in

536 1934 879 2002 Academia
921 1937 1099 2001 citius
1130 1935 1445 2022 deponere
1468 1957 1751 2023 possum.
1803 1939 1878 2002 Si'
1900 1940 2199 2023 optimam
2217 1948 2480 2004 matrem

537 2049 711 2133 prius
742 2047 996 2133 defungi
1024 2048 1151 2113 vita
1173 2069 1308 2111 sors
1327 2045 1591 2132 jubeat,
1620 2057 1772 2112 tunc
1803 2049 2118 2135 Petropoli
2150 2050 2331 2114 citius
2359 2051 2482 2114 Be-

488 2198 493 2204 ·
534 2159 807 2223 rolinum
833 2157 1144 2243 proficisci
1169 2178 1363 2243 cogor
1381 2208 1397 2235 ‚
1428 2167 1688 2243 propter
1711 2157 2173 2245 componendas
2205 2179 2305 2222 res
2335 2179 2481 2224 cum

537 2270 1038 2356 consanguineis,
1115 2269 1302 2332 Forte
1337 2278 1485 2332 tunc
1526 2267 1896 2356 Hamburgo
1941 2267 2023 2333 ad
2051 2269 2243 2333 breve
2287 2271 2479 2333 collo-

538 2381 757 2466 quium
793 2377 1373 2444 Amstelaedamum
1410 2376 1714 2464 trajiciam
1735 2429 1752 2456 ,
1803 2380 1855 2442 si
1888 2401 1924 2442 a
1966 2387 2025 2441 te
2055 2379 2481 2444 necessarium

526 2490 941 2579 judicabitur.
993 2528 1083 2539 —
1133 2491 1360 2555 Mirum
1407 2490 1724 2580 videbitur
1750 2539 1768 2568 ‚
1827 2488 1940 2556 sed
1982 2510 2109 2553 non
2153 2488 2267 2553 tibi
2295 2539 2313 2569 ‚
2375 2491 2483 2579 qui

539 2605 833 2669 scientiae
884 2603 1183 2667 naturalis
1240 2602 1496 2669 delicias
1540 2603 1703 2667 nosti
1727 2653 1745 2681 ‚
1803 2623 1905 2666 me
1945 2600 2024 2665 de
2070 2602 2483 2687 relinquendo

539 2737 801 2779 munere
829 2713 1242 2789 Academico,
1282 2715 1454 2802 quod
1478 2724 1621 2801 post
1643 2709 2000 2779 absolutum
2022 2715 2138 2777 iter
2161 2714 2329 2779 mille
2352 2714 2483 2777 Ru-

528 2816 1053 2893 -blonumsalario
1085 2847 1295 2891 annuo
1326 2828 1623 2912 stipatum
1653 2835 1787 2903 est,
1824 2826 2097 2912 cogitare
2113 2872 2132 2898 ‚
2168 2834 2238 2888 ut
2268 2824 2372 2889 vix
2399 2821 2485 2887 ad

537 2938 813 3024 quietem
851 2946 1182 3002 revocatus
1210 2988 1226 3013 ‚
1279 2936 1489 3001 denuo
1521 2938 1586 3000 in
1613 2937 1992 3023 longinquas
2023 2945 2085 2999 et
2116 2936 2359 3021 ignotas
2388 2954 2484 2998 re-

538 3050 749 3136 giones
796 3046 1072 3113 tendam.
1156 3046 1316 3126 Sed,
1366 3049 1475 3133 qui
1504 3047 1829 3111 itineribus
1864 3068 1901 3111 a
1930 3049 2134 3132 prima
2151 3046 2483 3130 juventute

537 3159 841 3225 distentus
884 3158 1001 3221 fuit
1026 3208 1043 3236 ‚
1094 3167 1157 3221 et
1185 3160 1455 3222 Naturae
1486 3156 1950 3247 investigandae
1983 3156 2189 3221 studio
2216 3158 2486 3245 exagita-

536 3280 639 3354 tus
658 3320 675 3349 ,
698 3269 805 3334 vix
832 3268 947 3331 sibi
972 3270 1182 3333 locum
1208 3255 1488 3352 quietum
1513 3275 1657 3329 ante
1680 3276 2064 3330 senectutem
2080 3268 2361 3332 invenire
2377 3287 2484 3352 po-

536 3388 681 3444 test.
729 3376 972 3442 Deinde
993 3398 1145 3442 vero
1173 3378 1327 3471 nibil
1360 3378 1604 3440 sanitati
1630 3355 1806 3441 meae
1837 3378 2035 3464 magis
2066 3377 2434 3459 adversatur
2458 3427 2477 3455 ‚
2535 3425 2543 3432 -

432 3501 439 3516 ²
540 3510 733 3576 quam
760 3487 1031 3551 borealis
1055 3486 1321 3551 Russiae
1348 3486 1533 3550 clima
1562 3485 2036 3572 rigidissimum.
2097 3488 2313 3573 Neque
2343 3495 2486 3572 pest

538 3600 861 3665 elaborata
891 3649 907 3676 ‚
953 3598 1203 3683 quaein
1232 3598 1450 3678 itinere
1475 3598 1700 3684 collegi
1729 3649 1746 3676 ,
1805 3599 1925 3662 erit
1955 3600 2271 3685 Petropoli
2293 3649 2310 3676 ‚
2355 3616 2483 3680 quo

539 3712 835 3797 occupari
866 3732 1007 3773 meo
1036 3729 1213 3773 more
1242 3709 1502 3794 possim.
1552 3710 1665 3773 Est
1681 3710 1849 3773 enim
1875 3711 2048 3797 regio
2072 3707 2476 3773 sterilissima.

540 3826 760 3910 Itaque
789 3820 1031 3886 dudum
1056 3819 1227 3907 apud
1250 3843 1353 3884 me
1374 3823 1702 3900 constitui,
1737 3823 1788 3886 si
1812 3823 2014 3908 Caput
2033 3823 2112 3884 B.
2141 3819 2284 3905 Spei
2306 3816 2484 3883 adire

541 3956 670 3999 non
716 3936 934 4011 liceat,
977 3932 1165 3997 vitam
1197 3931 1376 3996 finire
1404 3934 1469 3996 in
1518 3932 1895 3997 australibus
1942 3930 2177 3997 Galliae
2216 3931 2318 3998 vel
2365 3931 2481 3994 Ita-
