2952 5080
564 548 630 593 u.
661 548 723 592 ι.
758 547 1088 593 sumno
1445 519 1592 592 ’176
2072 540 2498 604 scnnmsuus.

563 774 666 819 me
704 752 904 821 favori
945 762 1053 818 tuo
1069 752 1148 815 in
1176 758 1498 838 posterum
1525 749 2034 818 commendatum
2062 741 2296 821 habeas
2326 754 2506 822 obse-

561 882 696 927 cro.
723 862 987 927 ‘Dabam
1014 863 1321 947 Erlangae
1350 858 1433 924 ad
1463 858 1532 925 d.
1564 861 1657 925 22
1684 861 1840 925 Dec.
1875 861 2071 928 1759.

640 1097 703 1160 6.
749 1081 754 1084 ’
787 1100 961 1163 Viro
987 1100 1637 1175 Excellentissimo‚
1666 1100 2425 1185 E'xperientissimoque

1006 1239 1081 1293 D.
1119 1235 1557 1304 LAURENTIO
1587 1241 2012 1299 BURMANNO
2032 1272 2055 1311 ‚

1094 1342 1375 1403 Batanioo
1396 1353 1952 1405 comummatiesimo

1393 1452 1461 1516 S.
1484 1454 1570 1518 1).
1598 1454 1674 1518 P.

807 1585 1195 1680 cASnuIRUS
1224 1587 1831 1652 CHRISTOPHORUS
1855 1590 2257 1650 sommum..

565 1696 760 1798 Post*
777 1734 1014 1820 aliquot
1041 1755 1350 1800 annorum
1380 1736 1696 1801 silentium
1716 1695 1845 1802 noti
1867 1760 2126 1825 possum
2149 1760 2278 1804 non
2295 1788 2313 1814 ,
2350 1742 2504 1826 quin

565 1841 740 1907 hisce
766 1837 983 1907 litteris
1018 1853 1079 1908 te
1109 1845 1393 1909 venerari
1416 1895 1435 1924 ,
1495 1854 1558 1911 et
1584 1847 1911 1932 pristinam
1939 1849 2101 1912 inter
2129 1869 2246 1914 nos
2275 1851 2505 1915 cultam

565 1952 899 2018 amicitiam
929 1955 983 2018 si
1010 1974 1140 2018 non
1164 1975 1465 2020 renovare
1486 2005 1504 2035 ,
1553 1965 1763 2023 tamen
1794 1958 1910 2022 tibi
1924 1959 1992 2022 in
2018 1960 2386 2025 memoriam
2413 1980 2504 2040 re·

561 2083 794 2129 vocare
836 2064 1240 2150 susciperem.
1313 2066 1452 2131 Hoc
1505 2088 1718 2132 meum
1746 2068 2060 2132 silentium
2094 2090 2175 2133 ne
2196 2070 2506 2156 negligen-

564 2173 685 2238 tiae
728 2183 836 2239 aut
886 2172 1184 2241 oblivioni
1219 2174 1457 2240 tribuas
1482 2224 1500 2254 ,
1551 2175 1844 2262 estquod
1873 2177 2257 2264 enixcrogo.
2332 2177 2503 2243 Varii

564 2284 820 2347 omnino
860 2283 1114 2349 labores
1132 2334 1150 2363 ,
1207 2284 1488 2370 variique
1520 2269 1700 2349 casus
1739 2306 1841 2349 me
1867 2286 2000 2348 fere
2028 2295 2230 2349 totum
2260 2306 2299 2349 a
2328 2306 2503 2349 com-

566 2394 800 2458 mercio
845 2394 1144 2478 litterario
1192 2415 1341 2462 cum
1389 2394 1603 2459 mnicis
1648 2394 2086 2458 abstinuerunt
2101 2442 2119 2472 ‚
2170 2396 2506 2482 praecipue

566 2524 714 2569 cum
759 2525 798 2570 a
840 2514 1108 2591 quatuor
1150 2503 1231 2571 ad
1260 2505 1539 2592 quinque
1575 2503 1804 2570 abhinc
1831 2517 2028 2570 annos
2060 2504 2507 2571 variisdtineri-

565 2615 688 2681 bus
709 2617 970 2701 agitatus
998 2666 1016 2696 ‚
1044 2626 1219 2682 extra
1240 2616 1642 2701 Germaniam
1662 2615 2000 2693 abfuerim.
2026 2668 2031 2673 .
2052 2613 2310 2685 Annum
2333 2617 2504 2684 1773

568 2726 700 2795 fere
742 2738 940 2795 totum
983 2739 1045 2796 et
1079 2729 1314 2796 bonam
1351 2738 1598 2815 partem
1633 2729 1782 2795 anni
1825 2727 2000 2797 1774
2041 2727 2105 2791 in
2135 2728 2418 2793 Helvetia
2446 2736 2511 2792 et

568 2837 771 2910 Gallia
822 2861 967 2906 cum
1016 2840 1407 2905 serenissima
1454 2836 1733 2927 conjuge
1764 2839 1954 2904 Ducis
1999 2836 2509 2924 Wurtenbergioi

570 2952 863 3036 transegi.
911 2948 1026 3035 Ab*
1067 2973 1232 3017 anno
1276 2952 1449 3020 1776
1484 2949 1568 3016 ad
1610 2953 1783 3019 1777
1814 2971 1960 3015 cum
1984 2949 2266 3036 principe
2290 2958 2505 3013 nostro

572 3059 965 3129 serenissimo
1013 3062 1255 3127 Italiam
1306 3062 1438 3125 fere
1480 3069 1674 3125 totam
1707 3080 1910 3145 usque
1941 3057 2023 3123 ad
2055 3059 2402 3145 Neapolim
2436 3067 2512 3135 lot

572 3169 720 3244 inde
741 3178 883 3239 oras
909 3173 1098 3237 maris
1127 3170 1566 3235 mediterranei
1580 3172 1798 3254 legens
1823 3220 1840 3250 ,
1879 3179 2075 3233 totam
2098 3170 2365 3235 Galliam
2388 3179 2513 3234 tra·

560 3279 714 3368 jeci.
763 3286 839 3349 In
860 3284 1144 3350 Helvetia
1164 3290 1440 3347 moratus
1458 3329 1475 3354 ,
1534 3291 1630 3346 ter
1644 3281 1724 3345 in
1754 3279 2020 3366 Alpibus
2042 3278 2142 3344 ‘fui
2156 3330 2175 3355 ‚
2228 3283 2420 3347 semel
2446 3281 2510 3346 in

570 3395 762 3460 Jurae
799 3391 960 3483 jugo
984 3443 1001 3473 ,
1049 3403 1112 3458 et
1138 3393 1471 3480 praecipue
1496 3394 1659 3458 inter
1679 3393 1998 3459 Genevam
2029 3403 2092 3457 et
2118 3392 2514 3458 Lausan'nam

575 3507 789 3577 lumin
836 3505 917 3573 de
961 3507 1000 3569 J
1002 3526 1129 3569 oux
1166 3504 1478 3570 celebrem
1505 3504 1783 3570 visitavi.
1821 3505 1931 3570 Bis
1951 3503 2036 3569 ad
2066 3502 2259 3590 Alpes
2284 3504 2513 3569 Saban-

580 3616 720 3691 diae
736 3667 754 3696 ,
790 3625 853 3681 et
871 3616 1238 3703 praeprimis
1261 3636 1578 3680 summum
1599 3615 1888 3700 Europae
1903 3665 1919 3694 ‚
1956 3615 2008 3679 si
2025 3635 2153 3679 non
2175 3614 2360 3679 totius
2383 3611 2515 3675 for-

582 3735 644 3791 te
684 3729 853 3796 orbis
872 3777 889 3807 ‚
941 3750 1204 3808 conum,
1260 3726 1458 3792 Mont
1498 3726 1776 3792 Maudt’t
1811 3712 2101 3793 vocatum
2124 3776 2140 3803 ‚
2191 3714 2511 3792 adscendi.

582 3838 931 3904 Posteriore
960 3839 1178 3904 itinere
1207 3839 1556 3907 Vesuvium
1584 3849 1863 3905 montem
1891 3839 2076 3902 etiam
2100 3833 2225 3899 adii
2244 3883 2262 3914 ‚
2292 3854 2369 3898 eo
2390 3853 2517 3898 om·

585 3948 732 4014 nino
782 3960 1068 4036 tempore
1099 4000 1116 4029 ,
1163 3972 1304 4038 ‚quo
1352 3951 1640 4025 flammas
1684 3960 1747 4014 et
1786 3950 2016 4015 scorias
2048 3942 2356 4012 svomere't
2375 3988 2405 4022 ,-
2461 3959 2521 4013 et
