2952 5080
475 559 530 601 ι.
563 557 895 601 amano
1104 555 1138 604 s
1377 532 1503 597 126
2078 555 2398 602 musanus.

560 765 650 830 Ut
672 772 746 827 ut
779 782 906 828 non
932 760 1199 825 libenter
1224 758 1438 826 vacuis
1461 760 1617 824 meis
1642 761 1832 825 literis
1865 771 2195 848 gravarem
2215 763 2409 827 hono·

472 873 711 939 rificam
735 882 909 937 tuam
950 863 1357 950 senectutem,
1404 889 1534 934 non
1563 887 1819 956 possmn
1851 861 2060 936 tamen
2099 889 2228 936 non
2257 875 2409 938 mihi

403 1049 412 1061 ,
472 985 730 1050 unicum
752 982 960 1049 adhuc
980 1003 1240 1047 exorare
1267 981 1679 1064 beneficium,
1713 993 1774 1047 et
1804 1004 1843 1047 a
1870 992 1930 1046 te
1953 993 2095 1047 ante
2123 985 2251 1048 fata
2271 1007 2410 1049 mea

474 1097 814 1160 etiamnum
833 1095 1054 1158 instrui
1079 1092 1160 1158 de
1180 1087 1321 1157 una·
1335 1094 1545 1178 planta
1573 1094 1871 1181 singulari
1891 1117 1908 1158 ι
1934 1094 2290 1182 Perjblz‘ata
2321 1097 2406 1161 fo·

468 1206 566 1269 liis
591 1203 875 1290 oblongis
905 1202 1169 1267 sinuosis
1185 1252 1202 1279 ‚
1241 1200 1461 1266 subtus
1494 1204 1729 1272 incanis
1763 1195 1987 1267 Bul-m.
2014 1205 2205 1291 afim‘c.
2238 1212 2288 1269 t.
2323 1209 2395 1269 ll

470 1316 520 1380 f.
536 1313 615 1401 2,
600 1313 626 1356 ·'
639 1335 678 1380 a
700 1325 761 1379 te
783 1311 1031 1408 egregie
1053 1312 1362 1378 delineata
1378 1323 1505 1398 est,
1490 1339 1504 1353 ·
1537 1315 1736 1379 simile
1754 1315 1921 1379 enim
1943 1316 2196 1384 omnino
2220 1316 2411 1401 speci-

397 1461 402 1468 «
469 1448 617 1492 men
644 1425 969 1514 possideo,
1025 1423 1137 1490 sed
1162 1425 1398 1512 absque
1426 1425 1717 1491 umbellis
1748 1428 1879 1494 istis
1913 1425 2156 1492 duabus
2191 1429 2406 1491 latera-

468 1539 633 1603 libus
661 1536 1045 1623 junioribus.
1114 1527 1403 1600 Umbella
1439 1546 1647 1601 autem
1680 1537 1799 1602 ista
1829 1536 2039 1614 media
2061 1558 2115 1600 s.
2141 1536 2408 1620 maxima

469 1650 656 1714 etiam
685 1650 763 1711 in
816 1661 970 1712 meo
1007 1646 1347 1735 specimine
1392 1657 1487 1711 est
1536 1637 1774 1734 absque
1806 1648 2207 1725 staminibus,
2253 1616 2443 1710 forte
2534 1691 2537 1694 -

470 1768 669 1826 aetate
693 1755 1010 1835 deciduis,
1037 1755 1324 1842 adeoque
1348 1758 1505 1823 nihil
1528 1756 1608 1822 de
1628 1759 1993 1824 staminibus
2016 1760 2185 1836 novi,
2204 1767 2415 1821 utrum

471 1871 592 1935 alia
631 1868 817 1933 detur
845 1869 1058 1954 planta
1084 1870 1364 1936 mascula
1381 1918 1399 1947 ,
1452 1889 1602 1934 cum
1630 1880 1696 1933 et
1723 1871 1893 1935 Tuae
1915 1873 2162 1957 plantae
2191 1880 2254 1934 et
2284 1891 2418 1934 um·
2466 1898 2471 1902 ·
2550 1949 2554 1954 ⁵

468 1980 670 2047 bellae
699 1979 941 2046 mediae
976 1979 1164 2044 flores
1198 1981 1471 2048 anthei-is
1505 1975 1929 2047 destituantur'
1950 1992 2012 2047 et
2039 2003 2214 2048 meae
2244 1984 2421 2067 plan-

472 2091 595 2157 tae.
670 2092 796 2155 Pro
836 2111 939 2154 me
988 2091 1201 2177 itaque
1220 2140 1238 2170 ‚
1284 2112 1532 2178 ‚quaeso
1578 2114 1828 2179 separes
1874 2115 1912 2158 a
1947 2104 2056 2158 tuo
2086 2094 2421 2180 specimine

471 2212 649 2270 caute
677 2201 1022 2281 umbellam
1048 2203 1399 2308 lateralem,
1442 2213 1505 2267 et
1533 2201 1616 2269 ad
1633 2225 1737 2268 me
1764 2205 1831 2267 in
1860 2205 2077 2268 litteris
2107 2203 2311 2274 mitte,
2351 2211 2424 2268 ut
2514 2265 2519 2268 a

471 2311 784 2399 inquiram
828 2313 910 2376 in
939 2313 1238 2393 stamina,
1284 2315 1395 2400 qui
1437 2314 1606 2378 bona
1644 2312 1770 2377 fide
1812 2312 2081 2377 eandem
2105 2312 2415 2375 remittam

473 2443 655 2503 mox,
705 2425 803 2487 sin
847 2444 999 2490 vero
1039 2425 1165 2490 hoc
1203 2444 1331 2490 non
1375 2422 1719 2489 concedere
1743 2445 1968 2522 queas,
2021 2441 2253 2557 quaeso
2281 2422 2418 2508 ipse

474 2542 657 2606 oculo
680 2548 920 2605 armato
945 2561 1206 2627 quaeras
1234 2540 1550 2606 antheras·

565 2652 908 2715 Plurimum
947 2652 1210 2716 salutem
1234 2649 1402 2714 dicas
1425 2650 1540 2711 D¹²⁰
1575 2644 1976 2712 Professori
1946 2646 2219 2749 juniori,
2273 2646 2420 2709 ami-

469 2777 555 2826 co
579 2781 720 2824 meo
753 2760 1026 2823 sincero.

568 2871 752 2935 Dicas
774 2869 902 2933 filio
918 2870 1053 2933 Tuo
1073 2864 1278 2954 quod'
1259 2887 1326 2931 m
1338 2812 1537 2930 Flora
1560 2887 1674 2931 sua
1691 2863 1977 2949 Capensz
1990 2861 2287 2949 depingat
2299 2858 2418 2928 Ge-

455 2985 717 3046 mestum
747 2977 1168 3064 Sphaericam
1204 2975 1353 3062 Raj.
1383 2978 1614 3041 dendr.
1648 2975 1774 3043 107
1814 2975 1865 3083 si
1893 2973 2150 3057 habeat3
2210 2974 2420 3059 planta

480 3102 650 3157 certe
671 3101 766 3155 est
784 3092 1052 3156 maxime
1075 3087 1433 3176 singularis,
1590 3102 1597 3111 ·

573 3200 934 3266 Astronomi
958 3199 1156 3277 Galli,
1195 3198 1304 3284 qui
1326 3186 1503 3260 fuere
1533 3203 1677 3260 antc
1708 3191 1964 3280 aliquod
1988 3202 2231 3279 tempus
2257 3195 2323 3256 in
2349 3193 2421 3256 C.

488 3314 567 3378 B.
615 3315 791 3400 Spei,
838 3312 1137 3399 plurimas
1160 3307 1613 3396 pulchern'mas
1642 3307 1884 3391 plantas
1927 3325 2140 3372 secum
2162 3304 2427 3372 adduxe·

489 3435 665 3505 runt,
699 3422 870 3490 unde
896 3433 959 3489 et
979 3446 1096 3511 ego
1123 3420 1466 3509 specimina
1486 3419 1761 3507 ‘plurima
1782 3416 2002 3483 habui.

370 3540 374 3544 ’
580 3538 736 3605 Vale
766 3545 829 3600 et
852 3535 1019 3601 fave.

655 3644 671 3679 ’·
847 3647 1140 3733 Up'saliae
1171 3642 1343 3712 1769
1373 3642 1443 3707 d.
1476 3642 1573 3709 20
1597 3639 1989 3706 Decembris.
