2952 5080
488 537 555 582 s.
581 536 891 593 §3⁸sz
959 554 968 570 ·
1405 514 1538 582 182
1950 534 2004 575 J.
2038 532 2429 582 mnam&

485 744 690 809 mina:
717 742 1017 807 Continet
1038 743 1196 805 haee
1218 740 1503 805 collectio
1525 743 1769 827 plantas
1798 759 2063 804 numero
2091 739 2271 825 8263
2320 740 2432 806 dess

485 851 693 917 sidero
703 849 840 936 jam
871 870 1020 914 sane
1051 850 1220 915 edre·-
1240 899 1258 927 ,
1320 852 1536 935 quales
1554 860 1708 916 -tuae
1737 849 1862 913 sint
1878 850 1901 928 ²,
1961 871 2119 935 quas
2150 871 2229 913 ex
2256 851 2432 924 istius

483 964 604 1029 viri
626 961 933 1025 Herbario
956 958 1238 1046 possides
1262 961 1506 1046 plantas
1524 1007 1551 1041 ‚-
1570 983 1655 1028 an
1675 962 1800 1030 sint
1828 960 1983 1026 aliae
2008 982 2197 1046 quam
2219 983 2425 1040 meae,

484 1093 565 1137 an
594 1093 747 1137 vero
768 1072 960 1137 hasce
985 1072 1052 1135 in
1078 1070 1269 1157 duplo
1295 1072 1587 1145 habuerit
1609 1105 1635 1150 ,»
1661 1073 1841 1158 sique
1871 1073 2057 1137 hasee
2084 1092 2254 1135 meas
2277 1072 2430 1135 Her-

447 1209 450 1210 ’
483 1183 832 1248 mannianis
852 1233 870 1261 ‚
912 1182 1766 1270 Witsenianie‚-Pis031ianis,
1793 1183 1993 1269 iisque
2010 1233 2030 1261 ‚
2067 1204 2222 1272 quas
2251 1193 2433 1268 quot-
2484 1195 2489 1198 “

479 1295 658 1360 annis
711 1314 792 1359 ex
844 1294 1060 1379 Capite
1098 1294 1311 1358 Bonae
1356 1295 1502 1379 Spei
1525 1304 1588 1358 et
1625 1294 1885 1359 Batavia
1912 1293 2150 1378 aecipio
2178 1317 2205 1371 ,·
2234 1291 2431 1379 jungo

479 1406 707 1493 plantis
719 1435 752 1485 ·,·
787 1391 1139 1492 stupendus
1165 1425 1333 1468 sane
1373 1415 1436 1469 et
1471 1404 1861 1470 incredibilis*
1888 1404 2041 1467 mihi
2072 1401 2432 1468 Indicarum

475 1523 572 1579 est
614 1521 915 1579 numerus
940 1563 958 1591 ‚
1018 1533 1300 1600 quasque
1346 1534 1463 1598 per
1492 1513 1720 1578 bulbos
1745 1522 1809 1577 et
1841 1512 2079 1577 semina
2105 1562 2123 1592 ,
2159 1513 2333 1598 quae'
2350 1534 2430 1576 ex

476 1626 608 1689 istis
627 1625 893 1708 insuper
927 1623 1165 1708 aecipio
1194 1623 1379 1686 terris
1406 1663 1432 1700 ,-
1481 1622 2036 1709 quotannis-augeo
2060 1622 2430 1709 exsioeoquo

477 1737 532 1800 si
561 1744 853 1822 vegetent
879 1749 957 1799 ae
977 1721 1289 1811 floreant,
1342 1734 1430 1798 ita
1451 1743 1525 1798 ut
1540 1744 1835 1819 tempore
1859 1754 1898 1798 a
1927 1727 2196 1819 publicis
2218 1753 2431 1797 mune-
2498 1720 2507 1728 ’

476 1845 652 1911 ribus
682 1854 750 1910 et
767 1845 960 1935 praxi
977 1866 1237 1923 ·vaeu0‚
1239 1844 1572 1931 ipsarum
1611 1844 1966 1950 disquisitio
1995 1855 2059 1909 et
2080 1835 2433 1910 observatio

475 1957 654 2021 mihi
667 1962 987 2056 sumniam
1017 1941 1278 2041 saepius
1308 1941 1654 2042 praebeant
1681 1945 2065 2042 voluptatem
2096 1978 2173 2022 ae
2194 1975 2433 2022 recrea·

367 2068 373 2073 ’
481 2067 744 2132 tionem.
809 2067 1066 2130 Praeter
1094 2066 1252 2131 haeo
1278 2067 1507 2132 omnia
1519 2068 1757 2153 ingens
1750 2068 1935 2131 --ιιιίΙιί
1928 2088 2199 2153 quoque
2220 2090 2432 2133 nume·
2532 2142 2540 2148 ‚

483 2198 591 2242 rus
619 2179 686 2242 in
714 2162 1015 2264 promptu
1044 2185 1137 2241 est
1164 2162 1523 2263 plantarum
1544 2173 1973 2280 ⁵Capensium‚
2028 2178 2265 2262 in2ipso
2290 2179 2430 2243 loeo

483 2290 676 2354 natali
714 2310 754 2353 a
797 2289 1219 2372 ‘gubernatore
1245 2310 1369 2354 van
1402 2288 1519 2353 der
1544 2291 1738 2362 Stell,
1774 2288 1960 2373 jussu
1980 2296 2052 2351 et
2079 2288 2428 2386 sumptibus

480 2399 751 2464 oonsulis
789 2398 1120 2478 Witsenii,
1165 2398 1599 2484 depictarum,
1651 2417 1918 2484 quarum
1943 2383 2227 2481 plurimis
2244 2394 2429 2482 justa

478 2508 696 2574 itidem
742 2508 1078 2597 adscripsi·
1103 2509 1401 2593 nomina3
1458 2508 1764 2595 plurimae
1812 2517 2020 2574 tamen
2074 2506 2303 2573 adsunt
2355 2529 2433 2574 au

474 2621 842 2707 praesertim
869 2620 1216 2685 bulbiferae
1249 2622 1295 2685 a'
1310 2621 1561 2684 nemine
1588 2671 1604 2698 ‚
1655 2629 1960 2708 quantum
1984 2620 2111 2684 scio
2137 2669 2154 2698 ,
2196 2621 2428 2684 hunus*-

478 2751 602 2818 que
631 2715 1152 2797 commemoratae
1182 2733 1284 2799 vel
1311 2731 1685 2818 descriptae.

559 2834 749 2910 Hisce
789 2842 1030 2923 aceedit
1079 2845 1542 2932 elegantissima
1572 2838 1857 2917 eolleetio
1886 2847 2147 2935 leonum
2176 2845 2426 2912 Plume-

474 2952 794 3017 rianarum
816 3004 834 3032 ‚
875 2970 1041 3041 quas
1074 2956 1141 3018 in
1165 2953 1416 3019 Antillis
1449 2956 1599 3020 olim
1631 2953 1866 3019 d'etexit
1893 2976 1968 3019 ae
1991 2955 2127 3040 ipse
2149 2953 2429 3039 depinxit

453 3062 728 3157 ‘sedulus
753 3082 756 3089 ·
777 3064 886 3130 hio
935 3086 1010 3130 ao
1055 3066 1292 3150 peritus
1335 3067 1722 3142 Botanieus',
1779 3065 2008 3151 quibus
2031 3066 2256 3151 plantis
2280 3065 2437 3130 lieet·

473 3172 566 3235 nil*
606 3174 726 3237 nisi
759 3173 949 3239 nuda
979 3175 1234 3238 nomina
1267 3174 1592 3260 adscripta·
1608 3184 1818 3238 essent
1844 3200 1864 3253 3
1914 3184 2055 3238 tam·
2075 3196 2248 3239 raras
2274 3186 2425 3240 tam·

474 3298 596 3365 que
619 3282 928 3367 elegantes
955 3284 1124 3370 ipsas
1155 3283 1395 3363 habui,
1444 3293 1517 3348 ut
1546 3285 1612 3348 in
1632 3305 1847 3348 meum
1865 3305 2051 3348 usum
2073 3285 2248 3370 prius
2278 3286 2437 3350 has··
2472 3298 2479 3301 ’

472 3411 545 3454 oe
572 3392 897 3457 elaborare
938 3375 1282 3479 inceperim
1310 3444 1326 3472 ‚
1367 3395 1629 3480 saepius
1656 3392 1819 3457 dein
1844 3396 2191 3459 amicorum
2218 3416 2293 3459 ao
2320 3418 2439 3482 pe-‘

471 3499 737 3565 ritorum
765 3502 1042 3587 impulsu
1072 3553 1089 3581 ,
1145 3524 1346 3588 quum
1372 3500 1475 3568 eas
1505 3502 1807 3568 vidissent
1833 3553 1850 3582 ,
1885 3502 2248 3571 adhortatus
2278 3504 2370 3567 fui
2397 3553 2414 3581 ,

471 3622 542 3677 ut
587 3616 653 3679 in
683 3616 1007 3704 publicum
1041 3638 1146 3682 eas
1179 3611 1532 3706 proferrem
1557 3669 1573 3696 ‚
1630 3636 1898 3704 quarum
1922 3619 2132 3704 itaque
2162 3614 2419 3702 prodro-

473 3744 650 3788 mum
677 3746 790 3789 seu
813 3726 1183 3793 fasciculum
1208 3729 1487 3814 primum
1510 3727 1623 3792 tibi
1647 3715 1762 3813 per
1790 3729 2061 3793 amioum
2083 3737 2259 3791 tuum
2283 3723 2418 3786 mit-

474 3839 606 3901 tere
652 3831 844 3903 debui
891 3856 968 3904 ao
1012 3837 1184 3903 volui
1212 3887 1231 3920 ,
1287 3847 1360 3907 ut
1409 3848 1580 3907 certa
1628 3838 1742 3905 tihi
1777 3847 1984 3907 essent
2018 3842 2419 3904 monumenta
