2952 5080
487 573 560 616 ιτ.
589 569 1019 617 tuscanum
1293 537 1304 549 ’
1381 547 1521 614 2177
1942 585 1947 592 ·
1985 572 2412 634 scamnum.

480 780 700 867 paullo
733 779 876 865 post
919 782 1261 841 torrentem
1311 773 1585 860 ignitum
1604 796 1660 840 ·e
1683 775 2023 843 visceribus
2040 778 2411 850 dimitteret.

481 890 668 955 Dolui
713 890 1050 975 plurimum
1070 937 1087 964 ,
1107 911 1114 918 ’
1133 882 1298 948 illud
1328 894 1610 970 tempus,
1656 886 1739 951 ab
1767 886 2253 957 herbationibus'
2277 887 2416 960 alie-

462 1003 637 1065 ¹nuni
655 998 884 1081 ‘fuisse;
918 995 1144 1082 collegi
1170 1004 1372 1059 tamen
1405 1015 1533 1059 non
1554 1016 1765 1081 ⁴pauca
1792 998 1861 1061 in
1889 1000 2043 1064 locis
2071 1003 2410 1085 natalibus,
2482 1037 2489 1050 x

482 1130 642 1195 quae
681 1107 858 1172 :horti
895 1106 1109 1170 *nostri
1137 1104 1442 1169 berharii
1495 1104 1773 1171 studiose
1820 1108 2026 1174 colere
2079 1105 2423 1197 coguntur:

451 1303 454 1308 μ
481 1216 642 1286 vidi.
657 1225 867 1282 autem
896 1236 1025 1279 non
1039 1214 1289 1300 alisque
1319 1212 1542 1278 dolore
1570 1264 1587 1292 ‚
1622 1216 1977 1301 plantarum
2008 1216 2282 1284 studium
2311 1271 2328 1299 ‚
2366 1223 2418 1293 si

359 1411 367 1418 .
480 1328 808 1395 Patavium
830 1333 890 1392 et
905 1324 1287 1391 Florentiam
1310 1326 1543 1412 excipis
1563 1375 1580 1405 ,
1613 1327 1701 1391 ibi
1727 1349 1857 1391 non
1881 1349 1965 1392 eo}
1984 1329 2233 1400 fer-'vore
2257 1313 2420 1397 ama-

478 1440 533 1504 ri
561 1487 579 1513 ,
626 1460 816 1525 quam
858 1436 1281 1501 felicissimum
1299 1483 1308 1492 .
1324 1435 1494 1501 istud
1520 1431 1729 1501 solum
1758 1438 1950 1502 ferret
1974 1449 2092 1503 aut·
2106 1451 2416 1526 posceret.

566 1548 754 1613 Redii
806 1569 886 1611 ex
922 1547 1052 1609 istis
1088 1546 1694 1632 peregrinationibus
1724 1597 1741 1627 ,
1804 1568 1989 1612 sanus
2023 1549 2280 1636 quidem
2303 1552 2419 1617 Dei

476 1660 678 1746 gratia
702 1709 728 1738 ‚,
752 1656 882 1722 sed
910 1657 1073 1721 bene
1107 1657 1443 1740 fatigatus,
1501 1668 1572 1722 ut
1600 1659 1883 1744 pluribus
1911 1663 2230 1727 mensibus
2260 1685 2419 1750 opus

476 1769 665 1834 fuerit
708 1766 791 1832 ad
838 1766 1301 1853 recuperandas
1350 1768 1517 1834 vires
1546 1819 1563 1847 ‚
1600 1772 1985 1860 praesertim
2033 1775 2182 1859 quia
2234 1774 2420 1841 officii
2479 1756 2484 1762 ’

477 1880 602 1944 mei
660 1879 929 1944 rationes
979 1879 1193 1963 illique
1233 1876 1550 1962 conjuncti
1575 1880 1823 1946 labores
1849 1882 2177 1969 quiescere.
2200 1886 2422 1972 nequi-

477 1996 731 2078 verunt.
769 2045 774 2046 ff

567 2099 809 2162 Memor
843 2096 1093 2161 interim
1124 2095 1312 2162 officii
1345 2098 1531 2162 etiam
1563 2118 1713 2185 erga
1734 2107 1800 2162 te
1831 2099 1997 2177 mei,
2051 2120 2179 2164 non
2208 2120 2425 2166 moror

480 2206 710 2273 diutius
738 2258 755 2287 ‚
802 2206 917 2272 sed
968 2217 1321 2294 exoptatam
1377 2209 1766 2274 occasionem
1790 2279 1795 2284 ,
1817 2209 2057 2296 arripio
2078 2258 2097 2285 ‚
2153 2232 2315 2297 quae
2357 2232 2425 2277 se

478 2318 703 2402 obtulit
738 2339 855 2404 per
896 2319 981 2383 D.
1016 2319 1098 2383 D.
1143 2319 1479 2383 Mullerum
1504 2369 1519 2398 ‚
1577 2318 1777 2385 filium
1808 2322 2085 2409 collegae
2116 2323 2267 2387 olim
2296 2323 2421 2388 mei

476 2440 540 2495 et
590 2430 772 2496 amici
800 2426 1287 2514 conjunctissimi
1317 2480 1333 2509 ‚
1385 2430 1689 2516 Erlangae
1719 2481 1736 2508 ,
1793 2441 1867 2496 ut
1896 2432 2015 2496 scis
2041 2482 2058 2510 ‚
2096 2433 2418 2519 superiore

473 2560 637 2614 anno
670 2536 878 2603 denati
905 2588 921 2617 ‚
981 2538 1063 2604 ad
1085 2561 1198 2605 vos
1223 2538 1724 2625 proficiscentem
1746 2592 1763 2621 ‚
1805 2564 1994 2627 quem
2028 2551 2089 2606 et
2113 2551 2222 2608 tuo
2248 2543 2418 2608 favo·

377 2636 378 2641 ¹
471 2651 530 2714 ri
578 2649 659 2714 de
702 2650 944 2714 meliori
983 2649 1488 2714 commendatum
1516 2653 1689 2741 volo.
1763 2653 1829 2715 Si
1860 2674 1985 2738 qua
2009 2653 2075 2717 in
2105 2674 2176 2716 re
2200 2703 2216 2732 ‚
2256 2658 2417 2738 qua'e

408 2757 414 2763 ’
472 2781 511 2825 a
538 2770 599 2824 te
629 2769 737 2825 aut
758 2759 971 2823 amicis
996 2760 1115 2822 tuis
1138 2756 1403 2843 pendet,
1435 2758 1589 2844 quid
1613 2760 1731 2844 ipsi
1758 2760 2159 2825 commodare
2182 2763 2373 2827 velles
2391 2811 2412 2841 ‚

471 2890 574 2933 me
615 2869 847 2931 mirum
882 2868 947 2929 in
972 2865 1235 2930 modum
1265 2866 1593 2950 obligabis.
1665 2866 1917 2932 Reddet
1937 2867 2106 2933 idem
2133 2869 2244 2933 tibi
2271 2891 2413 2937 meo

407 2964 410 2969 θ
470 2980 722 3043 nomine
767 2977 1137 3042 fasciculum
1168 3028 1194 3057 ‚³
1240 2977 1347 3063 qui
1385 2977 1773 3062 manipulum
1811 2981 1967 3043 lmum
1996 2978 2251 3045 iconum
2278 3003 2414 3047 me-

471 3111 650 3155 arum
673 3090 986 3177 integrum
1012 3088 1509 3176 comprehendit.
1590 3087 1914 3154 Secundus
1945 3091 2313 3177 propediem
2341 3094 2410 3157 fi-

367 3282 372 3287 ,
471 3203 634 3266 nitus
676 3203 831 3281 erit,
872 3223 1060 3288 quem
1091 3200 1421 3295 commoda
1449 3201 1666 3286 quavis
1695 3201 2019 3266 occasione
2043 3202 2156 3265 tibi
2184 3201 2410 3267 offerre

469 3332 597 3376 non
621 3312 975 3377 obliviscar.
1025 3312 1334 3376 Libellum
1359 3320 1430 3375 ut
1447 3333 1522 3375 ea
1547 3320 1754 3375 mente
1776 3311 2080 3376 benevole
2099 3311 2368 3397 excipias
2383 3362 2401 3392 ‚

399 3416 404 3423 ’
473 3443 596 3508 qua
626 3422 736 3484 tibi
768 3421 1025 3486 offertur
1044 3471 1061 3499 ‚
1099 3421 1450 3485 enixissime
1483 3440 1664 3507 rogo.

560 3530 1005 3599 Venerandum
1055 3540 1297 3616 patrem
1344 3541 1524 3595 tuum
1572 3529 1877 3594 submisse
1929 3528 2128 3591 saluto
2177 3536 2240 3590 et
2268 3548 2407 3613 pre-

468 3662 580 3706 cor
596 3693 612 3722 ,
642 3650 715 3706 ut
738 3643 944 3706 salvus
970 3650 1032 3704 et
1047 3640 1375 3705 incolumis
1399 3689 1415 3718 ,
1446 3639 1694 3724 meique
1715 3657 1842 3700 non
1864 3637 2195 3700 immemor
2211 3685 2228 3715 ,
2250 3634 2402 3702 ’ἀίιι-
2490 3702 2491 3711 ,

475 3753 706 3818 tissime
731 3753 924 3820 vivat.
1066 3837 1070 3840 .

561 3865 626 3927 Si
677 3885 800 3949 qua
849 3863 1009 3927 forte
1056 3860 1225 3947 apud
1265 3879 1377 3925 vos
1418 3867 1625 3923 essent
1655 3857 2034 3941 exemplaria
2061 3857 2404 3922 herbarum

472 3993 550 4036 ex
574 3972 753 4039 India
782 3983 890 4039 aut
913 3973 1127 4059 Capite
1155 3972 1234 4036 B.
1271 3969 1414 4056 Spei
1447 4019 1463 4048 ‚
1512 3967 1742 4054 quibus
1769 3989 1983 4033 carere
2011 3968 2203 4033 velles
2231 3992 2250 4052 3
2298 3977 2407 4032 aut

1795 4078 1879 4140 12
