2952 5080
403 564 467 605 u.
501 564 571 605 1...
588 562 921 606 manno
1315 539 1451 605 255
1777 535 1788 553 '
1987 558 2312 607 rmum
2328 590 2343 606 .

399 770 638 833 solvere
679 776 749 830 et·
770 765 947 832 vobis
975 766 1392 852 gratissimum
1414 814 1430 845 ‚
1485 765 2039 843 obstrictissimum·
2071 771 2347 837 animum

399 879 747 968 significare
768 888 1050 963 possum.
1112 898 1115 901 ·
1148 887 1159 973 x·
2001 884 2002 889 ’

489 992 649 1056 Cum
671 987 883 1054 adhue
894 1010 1009 1075 per
1029 1008 1265 1072 annum
1292 987 1441 1052 heie
1457 1007 1828 1072 permanere
1852 986 2006 1053 mihi
2034 990 2349 1078 integrum

400 1100 478 1162 sit
504 1149 521 1175 ‚
575 1102 761 1185 spei-o
782 1152 785 1155 .
805 1120 908 1169 me
947 1107 1152 1163 eetera
1170 1097 1176 1103 ’
1193 1097 1367 1160 initio
1397 1096 1783 1183 insequentis
1826 1099 1973 1162 anni
1997 1101 2351 1165 missurum

396 1212 533 1275 fore
550 1261 573 1288 ,
607 1221 739 1274 tam
766 1211 921 1289 yiva
938 1208 1327 1295 quamsssieea
1344 1258 1362 1286 ‚
1400 1216 1462 1271 et
1495 1207 1674 1272 bona
1693 1208 1933 1281 semina
1950 1260 1966 1288 ‚
2012 1231 2175 1297 quae
2201 1213 2347 1277 hoe-

399 1323 752 1391 oeriennio
779 1320 1332 1408 scilieeteolligere
1346 1329 1418 1384 et
1441 1321 1859 1385 transmittere
1875 1339 2013 1386 non
2034 1324 2236 1408 potui.

488 1434 552 1497 Si
589 1433 796 1497 Nobil.
825 1430 1252 1496 Direetoribus
1282 1431 1450 1496 herti
1473 1432 1717 1518 placeat
1740 1479 1757 1504 ‚
1810 1442 1884 1496 ut
1909 1430 2002 1496 ad'
2013 1433 2053 1497 J
2055 1434 2348 1519 aponiam

393 1542 618 1609 ,abeam
641 1593 658 1621 ,
719 1551 791 1606 ut
826 1541 1115 1606 lubenter
1150 1542 1302 1606 -volo
1327 1588 1363 1615 ,ff
1401 1550 1548 1626 opto
1599 1551 1662 1604 et
1702 1551 1925 1628 expeto
1952 1591 1969 1621 ‚
2031 1541 2187 1607 illud
2231 1544 2350 1609 iter

397 1655 684 1740 proximo
693 1673 867 1717 anno
889 1648 1532 1719 eumadvenientibus
1553 1651 1823 1719 ,navibus
1848 1654 2171 1717 instituere
2191 1703 2208 1733 ,
2240 1675 2350 1718 ne-

399 1783 543 1850 que·
572 1762 803 1828 diutius
824 1763 990 1827 heio
1018 1780 1410 1848 permanere.
1484 1762 1910 1851 Etiam-igitur
1939 1773 2127 1849 atque
2163 1747 2351 1829 etiam

396 1870 670 1949 fautores
699 1893 874 1937 meos
890 1870 1179 1939 summos
1203 1866 1507 1937 obseeror
1522 1922 1538 1950 ‚
1597 1873 1793 1938 velint
1825 1873 1981 1938 mihi
2006 1894 2350 1958 procurare

342 2050 345 2051 γ
396 1983 631 2061 litteras
673 1979 1209 2059 commendatitias
1261 1980 1451 2046 D'om.
1510 1981 1876 2047 Temminck
1915 1978 2344 2049 Gubernatori

262 2174 273 2187 ·
378 2093 689 2160 *Bataviae
722 2092 1096 2159 „tradendas-
1172 2092 1576 2158 Gubernator
1624 2091 1811 2179 hujus
1860 2092 2006 2157 loci:
2035 2092 2344 2158 Dominus·
2447 2122 2454 2129 ·

396 2204 794 2291 Plettenberg
826 2200 1054 2289 jussit,
1105 2211 1179 2267 ut
1219 2199 1354 2288 ejus
1385 2202 1596 2288 magni
1631 2203 1751 2269 viri
1775 2202 2009 2267 litteras
2036 2220 2344 2266 commen-

271 2337 277 2345 ·
395 2314 638 2381 datitias
661 2316 1202 2415 mihisexpeterem
1223 2362 1249 2394 ‚x
1289 2314 1521 2402 quihus
1549 2336 1693 2401 suas
1721 2334 1981 2400 quoque
2006 2310 2348 2399 adjungere

393 2426 716 2509 promisit,
774 2434 844 2489 ut
874 2425 1062 2490 liceat
1093 2426 1248 2489 mihi
1285 2424 1460 2493 adire
1490 2447 1620 2490 non
1651 2423 1842 2490 mode
1873 2425 1912 2489 J
1915 2425 2207 2510 aponiam
2235 2422 2349 2488 sed

395 2535 583 2599 etim
611 2531 744 2619 ej'us
766 2536 974 2600 aulam
994 2579 1035 2613 ‚a
1050 2546 1125 2601 ut
1148 2536 1269 2601 sub
1299 2537 1406 2602 ino
1430 2536 1652 2603 itinere
1683 2579 1724 2616 ,-
1750 2538 2060 2624 quantum·
2081 2535 2221 2601 fieri
2242 2556 2350 2622 po-

358 2703 362 2708 .
393 2647 559 2725 terit,
577 2645 918 2731 specimina
939 2646 1250 2708 seminum
1272 2655 1334 2709 et
1353 2648 1712 2731 plantarum
1735 2649 2062 2734 acquirere
2081 2647 2342 2734 possim.

395 2756 596 2823 Naves
639 2778 674 2820 e
705 2756 963 2820 Batavia
1004 2755 1043 2820 J
1045 2754 1335 2839 aponiam
1373 2776 1593 2821 versus
1626 2758 1957 2820 mittuntur
1995 2778 2210 2820 mense
2247 2758 2352 2820 Ju-

398 2865 545 2949 ni03
577 2881 831 2930 neeesse
859 2863 1071 2950 itaque
1097 2872 1193 2927 est
1219 2911 1237 2939 ‚
1278 2863 1562 2928 utinitio
1587 2863 2148 2949 insequentisanni
2175 2903 2198 2944 ‚-
2242 2865 2355 2928 soi·

396 2975 542 3039 lieet
572 2997 791 3040 mense
817 2974 1040 3041 Martio
1076 2974 1227 3046 hine
1245 2973 1473 3038 abeam
1492 3024 1509 3053 ,
1561 2974 1897 3040 Bataviam
1912 2995 2164 3066 versus,
2203 2994 2352 3040 eum

396 3086 773 3173 pnimishuo·
786 3085 1271 3154 advenientibus*
1297 3085 1563 3151 navibus
1584 3135 1601 3165 ,
1636 3105 1799 3172 quae
1816 3088 2189 3174 plerumque
2212 3095 2358 3152 sunt

397 3179 587 3265 naves
619 3219 661 3263 θ·
696 3181 1029 3273 Zeelandia
1058 3198 1162 3263 vel
1192 3195 1369 3263 urbe
1391 3197 1563 3262 Delft
1608 3206 1672 3262 et
1714 3196 2060 3284 aliquando
2083 3218 2162 3261 ex
2190 3192 2353 3262 Am-

400 3308 778 3389 stelodamo,
839 3311 891 3374 si
923 3329 1138 3375 mense
1179 3305 1531 3397 Septembri
1579 3310 1768 3373 Texel
1821 3310 2175 3394 relinquere
2206 3329 2355 3374 oon-

398 3422 535 3509 tigit
562 3422 709 3487 illis„
780 3423 1196 3509 Summepere
1210 3415 1447 3508 itaque·
1463 3430 1527 3485 te
1548 3441 1704 3505 roge
1727 3469 1745 3498 ‚
1794 3421 1946 3485 velis
1974 3440 2164 3506 quam
2188 3419 2356 3484 citis-

402 3534 554 3598 sime
575 3554 917 3621 proeurare
934 3585 950 3613 ‚
981 3544 1052 3599 ut
1078 3556 1224 3599 cum
1249 3554 1453 3619 supra¹
1469 3531 1651 3596 dietis
1682 3531 1947 3597 navibus
1965 3532 2218 3600 litterae
2248 3530 2352 3597 ad·

401 3645 685 3724 veniant,
715 3666 794 3709 ne
815 3695 832 3724 ‚
869 3645 1066 3737 serius
1087 3643 1239 3707 hine
1262 3637 1558 3708 abeundo
1578 3691 1594 3720 ‚
1620 3642 1963 3726 perplures
1988 3662 2233 3705 menses
2252 3661 2352 3705 eo—

400 3775 512 3838 gar
552 3754 927 3822 commorari
973 3755 1223 3821 inJava
1239 3804 1255 3832 ‚
1313 3754 1447 3817 solo
1470 3750 1581 3816 ubi
1604 3749 1787 3818 valde
1817 3753 1987 3817 vietu
2010 3773 2230 3830 earum
2260 3762 2356 3817 est

401 3873 464 3927 et
513 3867 696 3932 elima
747 3866 1110 3953 pestiferum
1139 3916 1155 3945 ‚
1210 3873 1271 3932 et
1314 3862 1427 3930 uhi
1466 3863 1749 3951 quolibet
1796 3886 1959 3930 anno
1985 3864 2256 3929 maxima
2285 3863 2356 3928 fit

399 3976 872 4062 Europaeorum
897 3987 1132 4061 strages
1167 3972 1442 4040 dolenda
1464 4025 1483 4055 ,
1521 3974 1700 4061 eujus
1726 3995 1805 4038 ex
1836 3973 2239 4039 redeuntibus
2258 3974 2352 4037 in-
