2952 5080
676 472 1339 621 ooMMERcmM
1406 541 2081 620 LITPERARIUM

1113 741 1664 845 LINNAEI

1159 995 1289 1059 erm
1309 968 1605 1045 'unoque

932 1148 1845 1257 BURMANNO.

521 1719 574 1758 1.
782 1780 792 1788 ᾗ
1054 1698 1239 1759 Viro·
1262 1695 1725 1758 Celeberrimo

844 1841 1002 1904 13⁰⁰·
1057 1846 1367 1906 JOANNI
1406 1845 1927 1923 BURMANNO,

877 1957 1209 2027 Medicinae
1230 1957 1478 2015 Doctum·
1501 1965 1922 2034 eaperliecimo,

743 2049 1070 2124 Profe-uon·
1087 2050 1396 2109 Batanices
1413 2052 1474 2109 A
1475 2054 1706 2109 metelae
1724 2052 2066 2111 Clarissimo

1246 2161 1313 2221 S.
1348 2161 1447 2220 Pl.
1481 2160 1564 2221 D.

940 2325 1045 2383 cA
1058 2323 1329 2384 Roms
1389 2321 1820 2382 mNNAEUs
1834 2355 1862 2400 ,

1193 2436 1377 2501 Med.
1427 2437 1615 2500 Doct.

443 2613 539 2713 N
540 2650 811 2739 egligens
844 2652 1026 2715 nimis
1062 2673 1265 2716 essem
1297 2661 1359 2716 et
1400 2651 1785 2718 reverentiae
1822 2648 2067 2714 debitae
2107 2649 2334 2714 oblitus
2354 2704 2370 2730 ,

439 2764 492 2827 si
527 2785 656 2827 non
699 2785 845 2828 oum
889 2763 1024 2827 viro
1073 2762 1415 2828 clarissimo
1461 2761 1615 2848 quid
1655 2763 1841 2826 Flora
1877 2770 2054 2848 grata
2075 2781 2375 2847 generose

444 2875 627 2939 nobis
664 2874 997 2951 concessit,
1018 2873 1593 2954 'communiam-em.
1653 2873 1691 2936 J
1693 2872 1919 2937 notavit
1958 2872 2378 2956 praeterlapso

448 3007 614 3051 anno
653 2986 889 3048 Hortus
931 2983 1363 3072 Lugdunensis
1405 2992 1670 3049 sesemet
1699 3004 1850 3070 prae
1868 2983 2124 3069 reliquis
2141 3033 2158 3060 ‚
2206 2981 2379 3068 quod

445 3079 818 3184 protrudere
853 3106 1061 3180 posset
1097 3095 1284 3160 flores
1322 3096 1472 3160 istos
1503 3096 1569 3159 in
1585 3096 1837 3181 Europa
1866 3096 2134 3158 rariores
2147 3090 2336 3158 Aloe‘s
2355 3144 2372 3171 ‚

450 3228 610 3294 quos
633 3216 842 3270 tamen
870 3209 1079 3292 plures
1104 3206 1387 3292 proferre
1408 3206 1682 3291 potuisse
1704 3187 1935 3270 Hortos
1950 3256 1966 3285 ‚
2000 3203 2245 3269 dudum
2266 3187 2380 3269 tes*-

446 3326 659 3382 tantur
685 3317 1128 3382 Botanioorum
1163 3319 1392 3404 scripta
1404 3341 1421 3401 3
1460 3316 1573 3381 sed
1596 3318 1779 3381 ehem
1804 3316 1984 3381 Horti
2004 3314 2381 3403 Lugdunen-

444 3449 547 3493 ses
565 3478 582 3506 ‚
618 3424 878 3492 videatis
906 3430 1177 3493 Hortum
1205 3419 1806 3514 Hartekampensem
1824 3477 1840 3504 ,
1884 3436 1947 3491 et
1979 3449 2132 3491 num
2160 3427 2382 3491 Florae

448 3539 649 3602 almae
690 3556 913 3600 manus
944 3539 1001 3601 ei
1034 3548 1267 3604 tantam
1295 3536 1644 3605 concedant
1672 3536 2025 3601 fortunam?
2101 3533 2226 3599 Sed
2256 3557 2382 3621 quo

450 3648 639 3714 tendo
659 3699 676 3727 ,
716 3645 948 3712 dicam.
1004 3650 1215 3714 Musae
1243 3660 1491 3715 nostrae
1525 3649 1859 3714 Botanicae
1889 3644 2115 3710 florent
2144 3648 2384 3734 egregi-

454 3780 528 3824 ae
563 3759 994 3845 Hartekampi.
1074 3759 1167 3823 M
1161 3783 1279 3825 usa
1323 3764 1580 3845 inquam
1599 3810 1615 3836 ‚
1665 3757 1916 3822 Palmae
1960 3758 2078 3823 ista
2109 3759 2346 3845 speeies
2364 3808 2380 3838 ,

456 3891 617 3954 quae
651 3872 718 3935 in
752 3881 1017 3958 utraque
1050 3870 1230 3936 India
1263 3870 1503 3936 habitat
1519 3921 1535 3950 ‚
1582 3872 1757 3936 Musa
1790 3870 2053 3936 arabum
2091 3890 2203 3935 seu
2238 3868 2389 3937 Avi-

455 4001 715 4047 eennae.
784 3980 974 4061 Quod
1012 3991 1193 4047 antea
1222 3981 1288 4046 in
1314 3982 1566 4066 Europa
1602 3981 1815 4046 floruit
1843 3983 2075 4061 semel,
2125 3984 2390 4047 relatum

1518 4105 1520 4107 ’
1730 4097 1754 4154 l
