2952 5080
530 562 583 606 J.
607 560 941 609 mnino
966 550 1029 605 et
1057 561 1177 604 m..
1422 542 1510 608 77
2127 568 2450 613 nmmos.

527 770 656 833 suis
708 765 1018 834 Affioenis
1059 767 1191 832 tab.
1223 768 1340 836 72.
1377 768 1428 831 f.
1460 768 1544 847 2,
1598 768 1776 841 illum
1799 770 2106 855 aperirem
2133 783 2345 855 caute,
2399 783 2463 837 et

526 876 806 942 viderem
821 928 841 956 ‚
864 899 1019 942 num
1043 886 1253 962 posset
1281 875 1365 941 ad
1388 876 1515 941 hoo
1543 898 1781 943 novum
1810 900 2009 965 genus
2031 882 2279 947 referri.

619 988 942 1072 Quotquot
970 988 1143 1052 velis·
1163 986 1253 1052 ad
1281 1008 1383 1051 me
1406 988 1655 1052 mittere
1678 988 1871 1054 sioeas
1900 991 2175 1075 plantas,
2214 1012 2319 1054 eas
2347 992 2463 1055 rite

527 1096 896 1163 examinabo
915 1146 933 1181 2
978 1106 1042 1160 et
1070 1097 1398 1162 observata
1420 1119 1567 1162 oum
1594 1099 1834 1184 plantis·
1849 1100 2087 1164 sineere
2117 1102 2425 1164 remittam
2440 1149 2458 1177 ‚

520 1208 758 1293 absque
781 1208 912 1272 ulla
930 1207 1291 1297 interposita
1318 1227 1520 1271 mora.

608 1320 848 1384 Paueas
871 1318 1076 1384 habeo
1106 1339 1224 1405 ego
1247 1320 1490 1405 plantas
1515 1316 1880 1403 Africanas3
1921 1320 1974 1383 si
1994 1318 2226 1384 habeas
2253 1340 2462 1403 super·

517 1429 678 1503 fluas
694 1480 714 1508 ‚
741 1430 947 1494 mittas
971 1427 1056 1493 ad
1079 1450 1180 1493 me
1195 1429 1445 1514 aliquot
1472 1431 1814 1515 specimina
1835 1480 1853 1510 ‚
1888 1429 2131 1496 videbis
2165 1450 2462 1514 responsa

515 1562 658 1604 mea
678 1562 826 1605 mox
846 1590 864 1618 ‚
892 1551 956 1604 et
986 1562 1145 1625 quae
1174 1541 1341 1605 eirea
1361 1542 1470 1605 illa
1492 1543 1724 1607 notavi.

602 1652 816 1737 Nuper
853 1651 1067 1737 aoeepi
1101 1651 1311 1715 Pisoes
1338 1652 1628 1738 copiosos
1665 1662 1728 1715 et
1759 1653 1997 1716 insecta
2025 1673 2103 1714 ex
2131 1647 2456 1725 Amerina,
2509 1670 2520 1679 “

515 1760 743 1845 quibus
766 1759 955 1825 hodie
981 1759 1283 1825 deleotor.

602 1868 786 1932 Anne
806 1872 996 1935 velles
1020 1871 1173 1933 mihi
1193 1870 1552 1935 describere
1577 1881 1751 1939 tuam
1784 1871 2043 1936 Simiam
2057 1921 2076 1951 ,
2120 1880 2195 1935 ut
2215 1892 2354 1935 eam
2371 1869 2458 1932 in·

391 1984 397 1989 '
477 2064 491 2091 X
515 1996 789 2040 sererem
804 1978 926 2040 tuis
948 1977 1158 2041 verbis
1182 1999 1348 2043 novo
1374 1981 1710 2063 systemati.

603 2087 1017 2153 Devotissima
1062 2109 1205 2152 mea
1214 2082 1429 2152 dieas
1462 2109 1710 2151 summo
1751 2088 2003 2151 Parenti
2042 2089 2217 2162 Tuo,
2271 2106 2460 2169 quem

514 2207 817 2284 perpetuo
868 2199 1071 2262 oolam
1121 2198 1204 2261 ob
1235 2198 1576 2275 beneficia,
1623 2198 1708 2261 ob
1736 2198 1960 2262 merita
1991 2197 2059 2261 in
2094 2204 2292 2261 artem
2324 2214 2459 2257 nos·

513 2320 710 2387 tram,
746 2310 832 2374 ob
856 2310 1134 2375 animum
1155 2309 1696 2376 candidissimum.

602 2423 759 2490 Vale
783 2432 845 2486 et
872 2444 976 2488 me
1003 2445 1172 2489 ama.

779 2535 1025 2601 Dabam
1053 2536 1344 2623 Upsaliae
1372 2534 1546 2604 1764
1572 2534 1642 2599 d.
1670 2533 1762 2600 m
1791 2529 2053 2620 Aprilis:

596 2860 696 2939 42.
1155 2855 1324 2932 Viro
1367 2855 1814 2936 Amplissimo

939 2996 1066 3050 DD·
1103 2994 1213 3052 10·
1251 2992 1675 3050 BURMANNO
1712 2987 1794 3048 et
1832 2992 2035 3050 FILIO

1321 3105 1390 3169 S.
1419 3104 1520 3168 Pl.
1554 3105 1636 3167 D.

1205 3238 1368 3293 can.
1418 3239 1467 3293 A
1511 3217 1766 3292 ιιΝΝιὲ.

513 3382 780 3498 Aooepi
830 3414 1045 3479 cistam
1096 3434 1245 3479 oum
1285 3413 1513 3500 plantis
1559 3411 1925 3489 rarissimis,
1979 3430 2133 3495 quas
2183 3407 2456 3472 studiose

512 3526 837 3613 pervolvo.

602 3631 971 3722 Africanae
1012 3634 1453 3718 perplaouere3
1513 3632 1815 3715 pleraque
1859 3625 2235 3709 exemplaria
2281 3609 2459 3690 erant
2545 3657 2554 3666 ·

519 3746 976 3831 pulcherrima3
1025 3741 1107 3808 ad
1152 3744 1397 3830 singula
1438 3737 1859 3826 respondebo.
1938 3738 2190 3801 Donum
2228 3737 2457 3801 horum

522 3857 656 3923 e'rat
685 3855 1233 3948 generosissimum
1259 3907 1275 3937 ‚
1326 3877 1442 3943 pro
1487 3876 1614 3942 quo
1637 3874 1881 3940 nequeo
1906 3852 2054 3917 satis
2084 3859 2288 3948 grates
2317 3848 2455 3914 red-

525 3967 697 4034 dere.
