2952 5080
1270 800 1641 862 umerum

618 939 706 1021 J.
769 934 1388 1024 BURMANNI
1448 966 1572 1025 An
1630 938 2323 1035 DILLENIUM.

1271 1402 1691 1465 Doctissimo

1281 1544 1645 1604 nmmo
1669 1578 1692 1615 ‚

1288 1651 1389 1740 (s.
1421 1653 1523 1718 Pl.
1550 1652 1634 1717 n.

1159 1786 1218 1842 1.
1242 1768 1797 1866 autumnus),

1681 1896 1727 1965 8
1747 1891 2099 1971 Ianuarii
2128 1903 2344 1975 1⁷:38.

488 2067 898 2170 putaveram
933 2099 1073 2188 jam
1115 2094 1362 2167 dud‘um
1407 2102 1526 2167 has
1562 2121 1711 2166 eum
1756 2106 2100 2191 exemplari
2146 2105 2451 2173 Thesauri
2539 2116 2585 2144 ‘

487 2214 615 2281 mei
646 2212 956 2299 Zeylaniei
981 2211 1094 2277 tibi
1113 2262 1130 2291 ,
1171 2213 1271 2279 vir
1295 2211 1704 2310 eeleberrime
1717 2260 1737 2287 ,
1779 2215 2025 2281 mittere
2055 2223 2246 2301 atque
2270 2215 2448 2282 offer-

485 2346 592 2407 re,
636 2332 709 2389 ut
736 2323 847 2410 qui
874 2324 1104 2387 harum
1133 2320 1503 2388 deliciarum
1532 2331 1836 2408 patronus
1865 2324 2285 2412 princepsque
2314 2346 2448 2391 me-

485 2438 609 2501 rito
643 2431 833 2521 hujus
872 2434 1011 2501 aevi
1039 2434 1123 2499 sis
1152 2432 1521 2518 habendus3
1578 2432 1694 2500 sed
1721 2435 2094 2524 gravissimo
2124 2434 2445 2504 diuturna

485 2569 612 2635 que
647 2548 871 2614 morbo
892 2598 909 2627 ,
962 2569 1043 2613 ex
1071 2549 1283 2614 multis
1303 2549 1467 2614 forte
1495 2548 1820 2616 laboribus
1854 2558 2046 2638 atque
2067 2549 2443 2617 lucubratio-

484 2661 671 2726 nibus
709 2669 1029 2727 eontraoto
1047 2709 1066 2739 ,
1119 2659 1420 2746 impedito
1435 2711 1453 2740 ,
1506 2662 1826 2750 longoque
1862 2671 2082 2749 postea
2109 2662 2330 2745 itinere
2352 2684 2443 2728 re-

482 2770 989 2859 cuperandarum
1016 2770 1248 2837 virium
1289 2770 1694 2857 sanitatisque
1738 2770 2213 2839 confirmandae
2242 2775 2443 2861 gratia

482 2885 763 2950 instituto
780 2933 800 2963 ‚
848 2882 1006 2947 mihi
1042 2882 1111 2946 in
1147 2900 1344 2947 eausa
1387 2882 1568 2947 fuere
1583 2930 1603 2956 ,
1654 2891 1727 2948 ut
1742 2880 1991 2972 ‚diutius
2010 2933 2029 2963 ,
2082 2904 2276 2971 quam
2326 2904 2443 2972 par

459 2993 564 3083 'sit
582 3044 601 3074 ,
653 2994 1048 3080 propositum
1075 3011 1292 3057 meum
1317 2988 1701 3077 distulerim3
1756 2992 2014 3081 veniam„
2038 2993 2252 3082 itaque
2276 3011 2317 3060 a
2336 3002 2436 3073 te,

481 3106 582 3172 vir
608 3103 965 3171 deotissime
985 3153 1003 3183 ,
1028 3104 1476 3192 impetraturus
1499 3101 1753 3171 eoufido
1769 3153 1788 3185 ,
1817 3114 2192 3194 nostrasque
2218 3106 2441 3172 haslit·

481 3224 648 3281 tems
697 3216 905 3291 fausto
948 3216 1159 3282 omine
1208 3223 1398 3303 atque
1438 3234 1645 3303 aequo
1690 3214 1903 3282 auimo
1940 3224 2349 3301 accepturum·
2378 3223 2441 3279 te

480 3346 814 3414 appreeor.
1306 3358 1315 3371 ·

570 3433 804 3503 Audivi
856 3454 1060 3519 nuper
1097 3435 1165 3498 in
1217 3434 1429 3499 auimo
1478 3443 1541 3499 te
1576 3433 1816 3500 habere
1832 3414 2184 3498 'editionem
2214 3431 2439 3518 Phyto·

479 3549 778 3638 graphiae
794 3547 1152 3633 plantarum
1166 3543 1609 3612 Africanarum
1626 3593 1648 3626 ‚
1675 3565 1947 3632 quarum
1966 3543 2277 3630 plurimae
2298 3565 2438 3609 oer-u

483 3669 544 3726 te
585 3668 823 3739 restant
849 3659 1152 3722 haetenus
1176 3655 1448 3721 ineditae
1478 3678 1599 3723 nee
1626 3656 1971 3720 illustratae
1992 3702 2010 3732 ‚
2065 3653 2239 3742 quod
2269 3676 2436 3739 egre-

485 3773 660 3859 gium
704 3791 854 3836 sane
891 3789 1051 3853 opus
1099 3766 1236 3832 fore
1257 3787 1594 3854 auguror-3
1645 3763 1818 3830 idem
1858 3766 2072 3831 thema
2111 3765 2196 3830 ab
2222 3764 2437 3852 aliquo

485 3886 767 3969 tempore
805 3881 959 3946 mihi
994 3878 1296 3965 proposui
1315 3928 1332 3957 ,
1381 3886 1454 3942 ut
1476 3898 1557 3942 ex
1578 3877 1966 3964 praefatione
1991 3876 2296 3943 Thesauri
2325 3876 2436 3941 tibi

489 3993 850 4078 apparebit,
889 3989 1002 4058 sed
1020 4042 1036 4070 ‚
1089 4011 1285 4079 quum
1317 3989 1551 4055 Praxin
1582 3987 1873 4053 elinieam
1900 3987 2265 4075 frequenter
2293 3988 2442 4053 satis

1761 4099 1845 4166 10
1873 4096 1906 4134 ⁴¹
