2952 5080
461 556 607 602 can.
633 554 891 600 mmmm
908 524 1069 615 ‚‘Fi1.
1376 535 1465 599 69
1557 536 1561 540 ’
1809 558 1872 601 11.
1897 560 1965 602 τ..
1991 557 2381 602 emamus.

451 763 785 848 scriptione
822 759 1113 849 quadrat,
1155 761 1409 826 minime
1444 781 1594 826 vere
1614 781 1761 827 cum
1779 761 1999 849 figuris
2019 764 2217 830 citatis
2239 785 2382 830 oon-

448 874 621 938 venit
637 923 653 952 ,
681 876 1015 960 possetque
1029 871 1208 937 facile
1241 867 1580 936 Glorzbsae
1607 870 2261 962 characteriadjungi',
2291 875 2384 939 ni·

448 982 500 1044 si
559 983 675 1046 flos
729 992 890 1046 esset
936 1002 1223 1067 superne,
1290 981 1375 1046 ob
1425 980 1659 1045 reflexa
1710 991 1773 1045 et
1810 980 2113 1047 undulata
2151 985 2377 1068 petala.

449 1086 685 1156 Addidi
715 1113 965 1179 quoque
999 1089 1078 1155 A
1079 1086 1364 1156 uther-ici
1382 1113 1621 1158 novam·
1635 1092 1904 1178 speciem
1922 1142 1940 1171 ‚
1970 1094 2021 1157 si
2047 1093 2166 1157 sub
2190 1093 2384 1158 hocce

448 1221 675 1286 genere
720 1198 971 1280 militat,
1000 1210 1107 1267 xet‘
1125 1199 1318 1266 Iwiae
1360 1201 1584 1266 florem
1607 1203 1814 1267 colore
1843 1203 2184 1267 virescente
2208 1253 2226 1280 ‚
2271 1223 2382 1266 un-

446 1309 674 1396 guibus
715 1311 1016 1374 coeruleis
1037 1361 1053 1390 ,
1111 1300 1193 1375 an
1234 1332 1398 1395 nova
1436 1311 1674 1397 species
1698 1361 1715 1390 ,
1763 1333 1845 1375 an
1890 1311 2153 1377 varietas
2194 1310 2384 1376 Im’ae

446 1419 681 1483 albae?
740 1422 940 1486 Enata
966 1442 1221 1515 quoque
1255 1432 1357 1515 est.
1379 1443 1555 1488 nova
1579 1418 1870 1487 Geram'z'
1883 1423 2127 1509 species
2148 1470 2166 1497 ,
2203 1420 2380 1508 cujus

447 1529 668 1594 folium
705 1531 810 1594 hic
852 1532 1031 1595 mitto
1050 1582 1068 1610 ‚
1124 1512 1235 1596 sed
1278 1516 1450 1618 quod
1481 1554 1607 1597 non
1633 1530 2045 1597 determinare
2088 1533 2217 1598 scio
2237 1583 2253 1609 ‚
2302 1554 2385 1597 an

448 1637 867 1705 distinctionis
878 1642 1018 1706 loco
1043 1650 1255 1727 posset
1283 1641 1567 1707 describi
1581 1644 1742 1706 foliis
1768 1642 2204 1722 difformibus,
2242 1630 2386 1706 cum

446 1749 618 1814 initio
642 1772 789 1815 cum
810 1760 1169 1853 erumpant,
1194 1750 1422 1817 habeat
1445 1752 1593 1818 folia
1615 1762 1832 1831 ovata,
1854 1762 1989 1817 tum
2008 1753 2379 1827 auriculata,

446 1868 581 1923 tum
628 1862 890 1940 triloba‘,
937 1872 1074 1925 tum
1123 1862 1325 1926 incisa
1358 1885 1544 1952 saepe
1589 1863 1669 1928 ab
1714 1884 1842 1953 uno
1881 1865 2073 1928 latere
2104 1872 2345 1951 {aptum
2363 1912 2380 1943 ,

447 1979 583 2033 tum
610 1969 878 2055 denique
901 1971 1302 2056 pinnatifida‚
1336 1974 1556 2057 petalis
1576 1950 2470 2053 li11ea1iBuS,reflexiS‚ru-.

446 2081 578 2165 bris
596 2130 612 2158 ,
642 2072 1011 2166 pedunculis
1043 2081 1421 2146 multifl'oris.
1470 2080 1573 2145 An
1595 2068 1887 2167 jamdum
1910 2079 2179 2146 Arduini
2197 2082 2385 2167 speci-

446 2211 593 2255 men
621 2189 830 2257 vidisti
855 2173 919 2254 et*
943 2188 1197 2255 Allionii
1228 2174 1727 2270 Pedemontana‚
1762 2191 2031 2256 Gmelini
2056 2192 2179 2255 otia
2208 2188 2387 2254 Bota-

446 2300 586 2364 nica
610 2302 709 2366 vel
745 2301 1234 2365 illustrationes
1214 2322 1281 2365 m
1303 2302 1544 2388 Royeni
1575 2299 2014 2387 prodromum,
2044 2298 2388 2365 Schaefferi

443 2410 808 2503 Botanicam
841 2410 1291 2498 expeditiorem
1319 2420 1441 2477 etc.
1478 2433 1638 2499 quae
1663 2412 1860 2477 hacce
1886 2420 2113 2523 aestate
2142 2409 2385 2527 prodie-

446 2530 616 2586 runt.

534 2633 760 2700 Valeas
799 2634 897 2699 vir
934 2636 1301 2699 amicissime
1322 2685 1337 2713 ‚
1376 2634 1795 2700 omnesdomi
1828 2645 1974 2701 tuae
2003 2631 2127 2698 mei
2158 2630 2384 2698 amoris

447 2752 512 2807 et
530 2745 968 2811 aestimationis
999 2745 1293 2809 certiores
1323 2745 1547 2826 facias,
1586 2768 1843 2832 quaeso.

1843 2879 1846 2882 .
2059 2875 2064 2882 .

533 2960 632 3041 37.
1137 2961 1702 3021 Demonstratori
1779 3001 1784 3010 .
2065 2937 2068 2940 .

985 3096 1092 3155 ιιἰο
1134 3100 1431 3160 cAROLo
1456 3098 1795 3157 LINNAEO
1808 3132 1830 3170 ,

1316 3213 1385 3276 S.
1419 3211 1503 3275 D.

872 3382 878 3386 <
952 3346 1029 3399 N.
1056 3347 1127 3400 L.
1157 3344 1619 3402 BURMANNUS
1669 3327 1798 3426 (23
1818 3323 2114 3399 Octobr.
2138 3322 2385 3418 1⁷62.)

446 3480 874 3602 Propositum
893 3566 909 3595 ,
959 3517 1133 3604 quod
1178 3521 1243 3583 in
1294 3517 1553 3584 edendis
1590 3517 1931 3583 rarioribus
1975 3515 2157 3579 Horti
2193 3517 2384 3600 Upsa-

442 3627 681 3706 liensis,
741 3626 974 3691 habere
1023 3629 1176 3692 mihi
1200 3621 1430 3694 videris
1446 3676 1463 3701 ,
1513 3626 1801 3720 omnibus
1831 3617 2144 3716 Botanicis
2173 3621 2383 3688 admo-

453 3736 607 3802 dum
646 3748 896 3825 gratum
944 3749 1078 3802 esse
1125 3736 1344 3816 debet,
1386 3711 1603 3823 :eoque
1642 3717 1838 3822 magis
1861 3785 1879 3814 ‚
1934 3732 2086 3826 dum
2129 3731 2432 3798 audiunt·

452 3848 647 3913 hocce
688 3859 1009 3935 peractum
1061 3870 1102 3913 a
1152 3847 1282 3912 filio
1317 3847 1620 3933 principis
1638 3846 1967 3912 Botanices
1986 3894 2002 3926 ‚
2051 3865 2166 3930 per
2189 3852 2387 3912 totum

454 3967 763 4025 terrarum
787 3962 1007 4028 orbem
1024 3969 1155 4026 not1
1174 4010 1191 4040 ‚
1228 3967 1503 4046 optoque
1527 3966 1598 4022 ut
1620 3956 1783 4023 felici
1801 3977 1948 4026 cum
1976 3935 2278 4022 successu·
2292 3952 2394 4018 in}-
2489 3950 2491 3953 ’
