2952 5080
565 554 629 597 ιτ.
657 553 716 595 ι..
746 551 1078 595 tonnano
1462 529 1601 596 208
2088 591 2092 595 .
2256 557 2502 606 rums.

561 760 995 829 botanicorum
1042 743 1330 823 fruticem
1375 767 1659 823 nostrum
1710 760 1777 823 in
1820 760 1954 824 solo
1985 762 2185 825 natali
2217 763 2501 846 videbit,

560 873 680 937 nisi
708 876 819 935 tua*
841 891 991 935 cura
1015 869 1080 932 in
1109 869 1293 934 horto
1312 868 1659 935 adolescat.
1684 905 1776 918 —
1792 871 1935 935 Jam
1967 874 2246 939 sarcinas
2271 878 2502 965 colligo

559 981 643 1047 ad
670 978 1132 1066 suscipiendum
1160 980 1279 1045 iter
1310 979 1664 1045 secundum
1693 982 1835 1044 Irtis
1861 946 2164 1067 fluviuim
2202 998 2495 1072 exspecto

558 1102 765 1158 tamen
813 1092 1100 1176 epistolas
1148 1111 1309 1176 quae
1351 1112 1463 1157 me*
1483 1092 1813 1155 certiorem
1846 1090 2111 1156 reddere
2139 1093 2371 1161 debent
2416 1097 2496 1164 de

556 1204 850 1267 missione
893 1201 1198 1266 exercitus
1225 1201 1378 1266 levis
1404 1209 1757 1290 armaturae
1786 1252 1802 1280 ‚
1862 1201 1970 1287 qui
1996 1212 2254 1289 propter
2282 1207 2495 1291 profu·

554 1337 664 1401 gas
701 1336 737 1377 e
758 1314 1052 1378 Rutheno
1072 1312 1493 1377 Calmuecicas
1524 1323 1759 1378 turmas
1790 1313 1854 1376 in
1882 1311 2200 1385 desertum
2225 1321 2494 1383 australe

490 1474 493 1481 f
552 1427 911 1492 tartaricum
948 1425 1214 1489 instante
1240 1408 1407 1491 ‘vere
1457 1425 1617 1489 mitti
1639 1410 1849 1489 debet
1874 1475 1890 1503 ,
1965 1434 2028 1489 et
2073 1447 2262 1512 quem
2315 1432 2492 1515 sequi

553 1538 842 1602 constitui
871 1586 888 1614 ‚
929 1557 1058 1599 non
1105 1537 1236 1600 sine
1285 1536 1557 1600 maximo
1586 1586 1603 1615 ‚
1637 1537 1712 1598 -si
1760 1537 2011 1600 fortuna
2039 1538 2296 1619 faverit,
2342 1542 2492 1605 artis

430 1668 435 1673 ’
553 1632 972 1712 emolumento
1002 1696 1018 1726 ‚
1067 1667 1182 1732 per
1221 1631 1507 1732 regiones
1553 1644 1710 1709 nulli
1750 1648 2078 1733 hucusque
2103 1649 2494 1735 physiophilo

552 1767 909 1846 peragratas
929 1808 945 1836 ,
1002 1757 1227 1843 plantis
1275 1766 1336 1820 et
1388 1758 1740 1858 viventibus
1790 1758 2118 1823 rarissimis
2163 1769 2226 1824 et
2268 1761 2494 1848 ignotis
2603 1737 2607 1743 ’

549 1868 984 1934 feracissimas,
1065 1869 1261 1953 Spero
1307 1867 1476 1939 enim
1507 1869 1846 1933 exercitum
1876 1888 2076 1955 usque
2108 1868 2189 1934 ad
2216 1868 2495 1936 Aralien⁴

548 1968 681 2045 sem
731 1982 938 2044 lacum
982 1987 1044 2042 et
1090 1977 1172 2042 ad
1204 1978 1412 2043 Oxum
1454 2000 1656 2065 usque
1685 1979 1953 2046 fluvium
1993 1991 2487 2066 penetraturum.

548 2127 638 2139 —
667 2090 917 2156 Falkius
949 2098 1091 2154 ante
1120 2098 1245 2153 tres
1287 2089 1419 2154 dies
1457 2092 1587 2155 huc
1615 2092 1818 2171 venit,
1868 2100 1931 2156 et
1963 2094 2081 2156 iter
2106 2094 2173 2157 in
2204 2094 2493 2158 Sibiriam
2551 2108 2565 2121 ·

477 2195 481 2199 ’
540 2204 902 2268 ulteriorem
930 2253 945 2280 ‚
996 2222 1134 2266 meo
1166 2202 1424 2266 consilto
1457 2252 1473 2280 ,
1531 2213 1752 2287 parat,
1805 2190 2052 2288 semper
2077 2206 2224 2269 licet
2253 2207 2490 2271 valetu-

544 2311 822 2377 dinarius
866 2320 928 2375 et
955 2309 1441 2396 hypochondriis
1470 2312 1766 2376 laborans
1800 2313 2172 2375 miserrime.
2236 2314 2484 2376 Salutat

546 2430 606 2485 te
661 2426 755 2485 ex'
785 2422 993 2486 animo
1018 2470 1035 2495 ,
1088 2421 1385 2506 variaque
1426 2421 1540 2484 tibi
1585 2421 1821 2484 semina
1871 2421 2208 2484 missurum
2250 2443 2317 2485 sc
2346 2414 2488 2506 pro-

545 2534 754 2599 mittit.
777 2534 1037 2601 —VaIe
1067 2543 1137 2609 tu
1161 2585 1177 2613 ‚
1214 2555 1565 2620 parensque
1589 2542 1732 2597 tuus
1758 2582 1774 2610 ,
1812 2553 2002 2618 quem
2028 2534 2317 2599 venerari
2338 2543 2491 2598 tunc

513 2707 519 2714 .
548 2646 802 2712 demum
834 2645 1115 2710 desinam
1144 2697 1160 2725 ,
1211 2641 1463 2732 quando
1495 2645 1657 2752 yitae
1687 2646 1854 2709 ultra
1879 2654 2109 2710 metam
2139 2666 2327 2710 cursu
2353 2668 2489 2731 per-

545 2778 801 2823 venero.
874 2757 1146 2823 valeatis
1186 2755 1297 2820 diu
1330 2756 1396 2818 in
1423 2764 1830 2842 augmentum
1852 2765 1914 2819 et
1936 2753 2127 2819 decus
2153 2756 2440 2819 scientiae
2461 2804 2482 2837 ,

546 2867 967 2954 gaudiumque
1020 2869 1365 2933 amicorum
1407 2877 1469 2931 et
1493 2868 1780 2932 solatium
1797 2918 1813 2946 ‚
1867 2888 2140 2952 quorum
2163 2889 2197 2930 e
2221 2888 2486 2931 numero

546 3003 648 3044 me
691 2963 940 3065 quoque
978 3002 1112 3044 esse
1142 2980 1505 3044 sincerrime
1544 3000 1791 3062 semper
1821 2975 2134 3064 gaudebo.
2207 2967 2483 3055 G'aubio,

547 3088 919 3155 Allemando
936 3101 995 3155 et
1007 3077 1400 3167 Boddaerto',
1415 3090 1690 3174 itemque
1701 3089 1929 3168 Meiero
1946 3088 2338 3173 physiophilo
2358 3109 2488 3154 ves-

549 3212 644 3266 tro
676 3201 1007 3265 occasione
1027 3198 1170 3264 data
1200 3220 1302 3261 me
1332 3196 1733 3263 commendes
1766 3195 2171 3282 deditumque
2211 3198 2487 3262 animum

548 3311 878 3399 significes.
964 3308 1358 3396 Exemplaria
1393 3308 1587 3371 Diarii
1629 3328 1739 3371 seu
1783 3307 2087 3371 Itinerarii
2120 3308 2244 3372 mei
2286 3318 2489 3394 prote
2577 3375 2578 3380 ,

548 3432 733 3509 atque
775 3421 1019 3487 Gaubio
1043 3470 1060 3497 ‚
1118 3441 1359 3505 proque
1403 3417 1759 3483 Sandiforto
1779 3415 2043 3504 jamjam
2079 3416 2320 3483 reddita
2355 3441 2489 3484 esse

547 3533 999 3598 mercatoribus
1029 3532 1212 3596 Blom
1234 3541 1297 3595 et
1325 3553 1447 3596 van
1476 3521 1707 3594 santen
1734 3529 2015 3608 confido,
2060 3530 2179 3594 nisi
2210 3532 2369 3595 forte
2391 3549 2486 3593 sse-

551 3646 849 3711 cretarius
869 3642 1243 3709 Academiae
1270 3652 1517 3708 nostrae
1537 3662 1652 3728 per
1677 3643 1861 3706 aliam
1886 3643 2276 3707 occasionem
2295 3650 2486 3703 trans-

550 3759 810 3826 miserit.

641 3869 806 3934 Dab.
852 3889 888 3931 e
928 3866 1245 3933 Fortalitio
1293 3868 1604 3946 Trinitatis
1643 3865 1724 3931 ad
1757 3863 1947 3951 Ujum
1976 3865 2045 3927 fl.
2084 3862 2150 3930 d.
2184 3861 2276 3926 20
2305 3861 2482 3926 Mart.

739 3982 934 4048 1771.
1420 4017 1423 4018 ν
2385 3987 2391 3994 ’
2450 3996 2458 4008 “
