2952 5080
486 507 753 551 mnaso
1403 480 1491 545 72
1839 502 1903 543 n.
1938 502 2000 545 ι..
2027 499 2413 546 susumus.
2481 490 2484 495 '

490 716 533 787 ‘Q'
568 760 669 841 39
758 738 761 739 ⁷
826 740 835 751 ³
1257 753 1626 833 Archiatro
1685 734 1706 741 Η
1751 732 1756 741 ’

1152 850 1292 935 ΒΜ
1339 863 1676 937 ΗΝΝΑΕΟ

1218 973 1327 1048 N
1353 973 1436 1046 L.
1448 973 1548 1051 Β
1572 1016 1665 1031 -—
1673 976 1737 1046 2
1756 926 2156 1047 Decembr.

486 1108 953 1216 ,Amicissimas
968 1141 1246 1226 mihique
1274 1078 1654 1228 gratissimas
1677 1141 1910 1203 litteras
1929 1138 2103 1224 justo
2138 1149 2420 1227 tempore

364 1237 371 1242 ’
480 1238 721 1339 recepi,
750 1250 831 1318 ad
872 1271 1026 1337 quas
1057 1268 1205 1316 mox
1242 1270 1615 1336 responsum
1641 1246 1984 1329 dedissem,
2022 1250 2074 1315 si
2102 1254 2230 1314 non
2254 1272 2418 1318 nova

479 1340 586 1434 illa
604 1360 1034 1431 Amarc’lh'dzk
1054 1362 1290 1448 species
1307 1410 1324 1435 ,
1378 1359 1557 1446 cujus
1585 1360 1807 1425 florem
1832 1371 2075 1425 tantum
2097 1362 2315 1426 ultima
2335 1363 2421 1429 vi-

403 1549 407 1552 ,
478 1492 555 1543 oe
575 1475 641 1539 in
662 1473 878 1543 litteris
901 1471 1222 1551 dederam,
1251 1493 1509 1558 scapum
1540 1492 1725 1536 suum
1745 1472 2094 1551 extulisset,
2126 1493 2317 1559 quem
2332 1473 2421 1536 lu-

377 1649 385 1658 ,
475 1582 696 1648 beuter
722 1582 806 1647 ad
831 1592 892 1651 te
913 1583 1156 1649 mittere
1178 1582 1403 1647 vellem
1421 1630 1438 1661 ‚
1474 1602 1816 1668 nuperque.
1829 1581 2020 1647 modo
2043 1581 2230 1668 flores
2262 1604 2406 1647 suos

477 1694 807 1760 evolvisset
823 1743 840 1773 ‚
870 1713 1030 1779 quae
1059 1688 1226 1757 Am.
1253 1690 1542 1778 Reqz‘nae
1568 1692 1852 1777 proxime
1877 1691 2289 1778 descriptione
2310 1714 2410 1757 aff

477 1803 683 1882 cedit,
729 1813 937 1875 tamen
978 1824 1056 1866 ex
1093 1812 1305 1873 nostra
1333 1803 1634 1867 sententia
1649 1816 2009 1889 enumquam
2032 1801 2113 1883 ad
2140 1803 2408 1889 figuram

474 1915 698 1982 Mffleri
736 1914 954 1978 referri
986 1913 1248 1998 poterit.
1322 1914 1540 1981 Melius
1587 1914 1743 1979 mihi
1788 1914 2119 1980 convenire
2159 1911 2413 1979 widetur

390 2018 393 2023 ”
472 2024 816 2091 Hermanni
831 2017 1032 2109 figura
1053 2073 1069 2102 ,
1100 2044 1289 2108 quam
1307 2044 1385 2087 ex
1400 2020 1694 2094 America
1710 2025 2019 2111 accepisse
2040 2033 2248 2103 notat,
2270 2045 2417 2089 cum

476 2133 738 2200 haecex
764 2133 1004 2212 Africa,
1043 2131 1375 2220 differtque
1395 2144 1641 2203 tantum
1669 2156 1859 2220 scapo
1887 2156 1972 2198 ex.
2001 2143 2216 2221 centro
2237 2134 2418 2199 bulbi

473 2246 636 2313 intra
663 2246 812 2311 folia
832 2295 851 2324 ‚
899 2247 1168 2335 corollae
1198 2245 1359 2315 tubo.
1392 2248 1564 2315 nullo
1583 2295 1600 2323 ,
1629 2245 1844 2333 petalis
1872 2243 2214 2307 linearibus·
2238 2244 2413 2308 refle-

473 2358 567 2421 xis
601 2355 953 2441 undulatis3
1003 2357 1087 2427 in
1106 2358 1296 2425 misso
1328 2358 1665 2443 specimine
1695 2365 1820 2419 tres
1845 2363 2085 2419 tantum
2106 2353 2293 2419 flores
2311 2362 2417 2418 're-

470 2468 709 2554 peries,
760 2488 905 2533 cum
926 2469 993 2531 in
1016 2469 1214 2534 altero
1234 2479 1471 2557 septem
1493 2469 2316 2532 fuere..

514 2575 816 2658 ὛΔΙῑεπιι
828 2601 1039 2666 quam
1061 2581 1271 2658 mitto,
1308 2590 1401 2644 est
1419 2578 1579 2648 Ixia
1610 2579 1754 2655 illa,
1757 2575 1967 2664 ‹cuj‘us
1979 2578 2200 2643 florem
2215 2600 2417 2664 nuper

468 2684 689 2752 litteris
732 2690 1140 2770 incluseram,
1190 2691 1351 2755 foliis
1374 2698 1438 2753 et
1457 2679 1692 2754 corolla
1715 2688 1937 2770 viridi,
1965 2690 2185 2778 (instar
2212 2690 2416 2755 vitric-

473 2798 546 2886 li)
563 2850 580 2878 ‚
628 2799 763 2865 basi
813 2804 1115 2872 coeruleo
1142 2802 1459 2870 ‘maculata
1474 2852 1491 2881 ,
1538 2802 1618 2870 de
1644 2823 1769 2888 qua
1796 2800 2175 2888 quaerebam
2195 2801 2264 2865 in
2283 2789 2439 2864 ulti-'

474 2912 591 2977 mis
615 2962 634 2989 ‚
661 2933 815 2980 num
830 2923 951 2998 ‘pro
978 2916 1277 2981 'varietate
1301 2915 1489 2982 albae
1514 2912 1853 2979 habenda?
2330 2937 2337 2954 ¹

483 3079 497 3090 „2
564 3021 768 3086 Tertia
795 3021 1117 3109 (uniflora)
1143 3025 1354 3090 colore
1378 3025 1650 3090 corollae
1664 3027 2159 3108 purpurascente‘
2173 3072 2191 3101 ,
2223 3043 2422 3107 nuper

476 3147 555 3191 ex
582 3127 790 3193 bulbis
835 3130 959 3196 hac
1003 3142 1234 3197 aestate
1280 3132 1547 3217 receptis
1582 3139 1764 3194 enata
1806 3130 1925 3194 fuit
1941 3180 1958 3208 ,
2011 3136 2199 3216 scapo
2241 3129 2424 3195 decli·

475 3246 621 3301 nato
651 3239 919 3305 unifloro
942 3292 959 3320 ‚
1012 3242 1230 3327 petalis
1263 3240 1513 3306 duobus
1544 3238 1968 3325 superioribus
1992 3238 2235 3305 inflexis
2258 3240 2420 3328 geni·

475 3348 620 3412 talia
649 3349 1114 3416 occludentibus
1132 3402 1149 3431 ,
1180 3353 1401 3416 saltem
1428 3373 1508 3415 ex
1537 3349 1736 3415 trihus
1759 3349 2199 3435 speciminibus
2216 3401 2233 3431 ‚
2264 3372 2424 3438 quae

475 3458 665 3523 modo
682 3461 985 3527 habemus
1004 3512 1021 3543 ,
1057 3462 1374 3548 apparuit,
1406 3462 1532 3530 hoc
1554 3463 1860 3534 constanti
1877 3459 2068 3529 modo
2089 3461 2309 3538 ,adesse
2326 3512 2344 3541 ‚
2369 3462 2423 3526 si

475 3589 602 3632 non
633 3592 748 3659 per
772 3572 971 3660 frigus
1004 3573 1359 3650 autumnale
1382 3573 1626 3638 factum
1647 3572 1857 3636 fuerit.

567 3680 999 3762 Gratissimum
1023 3695 1369 3770 praestares
1388 3735 1405 3763 ‚
1443 3685 1495 3748 si
1522 3705 1637 3770 per
1664 3685 1900 3748 litteras
1924 3704 2025 3747 me
2048 3681 2273 3745 docere
2290 3676 2421 3743 vel-

476 3787 567 3849 les
586 3834 602 3864 ,
632 3789 770 3874 quis
792 3790 1045 3875 proprie
1075 3791 1141 3853 in
1161 3792 1337 3857 Ioeizls
1361 3790 1949 3861 animadvertendus
1967 3790 2289 3858 character
2306 3836 2322 3866 ,
2353 3794 2424 3851 ut

479 3892 560 3959 ad
601 3901 792 3962 Ixias
837 3899 1210 3965 referantur.
1279 3904 1523 3989 Nuper,
1571 3924 1714 3966 cum
1763 3903 1905 3965 ΒΨ
1938 3898 2017 3963 de
2054 3897 2283 3962 Gorter
2316 3898 2421 3962 hic
