2952 5080
542 548 609 592 π.
642 545 1070 592 ι.·ιυωπτ<ο
1449 525 1587 590 220
2019 598 2022 601 ‚
2121 580 2176 587 -.
2245 545 2493 594 ranas.

604 874 719 928 ·11'.
756 896 781 907 ³·
905 858 1136 930 Amico
1181 868 1490 951 egregio,
1536 868 1852 950 belgicae
1895 866 2130 928 fidei,
2217 863 2228 879 ¹

1013 963 1497 1053 documentum
1538 963 1961 1047 praestanti,

846 1144 851 1149 .
960 1085 1593 1161 Celeb.N1001.Ao
1636 1086 2058 1160 BURMANNG

538 1208 841 1269 ·Salutem
865 1220 1035 1290 atque
1058 1220 1253 1307 optata
1277 1218 1515 1289 quaevis
1539 1212 1700 1268 bona
1693 1231 2088 1289 prosperaque
2112 1212 2462 1289 adprecatur

1274 1337 1342 1390 Ρ.
1367 1336 1430 1391 S.
1454 1334 1758 1401 PALLAS.

544 1478 748 1580 Dum
793 1526 854 1580 te
905 1516 1098 1579 nostri
1142 1514 1404 1579 oblitum
1442 1533 1800 1598 conqueror
1822 1563 1839 1593 ,
1880 1514 2165 1599 interque
2189 1533 2370 1577 curas
2392 1512 2481 1591 in-

537 1647 831 1703 numeras
862 1625 1158 1711 agitatum
1188 1624 1471 1688 animum
1508 1624 1706 1697 etiam,
1732 1622 1813 1687 de
1849 1623 2094 1688 silentio
2118 1632 2224 1689 tu'o
2251 1620 2483 1686 diutur-

464 1815 467 1819 ν
530 1757 623 1801 no
678 1736 940 1801 sollicito
968 1785 985 1811 ‚
1032 1735 1447 1818 perferuntur
1495 1732 1584 1798 ad
1635 1756 1739 1798 me
1787 1732 2041 1799 tandem
2082 1734 2208 1813 sub¹
2242 1734 2486 1813 initium

536 1845 911 1921 Novembris
941 1826 1328 1932 gratissimae
1350 1850 1501 1909 'tuae
1528 1847 1780 1910 litterae,
1800 1844 1867 1923 d.
1904 1846 1947 1910 6
1977 1847 2016 1909 J
2018 1845 2148 1908 unii
2180 1843 2361 1908 datae
2386 1894 2402 1921 ,
2449 1865 2485 1907 e

531 1957 766 2043 ‚quibus
789 1966 868 2020 te
910 1958 1143 2041 pariter
1194 1965 1382 2041 atque
1431 1955 1739 2041 optimum
1768 1964 2091 2042 parentem
2118 1956 2321 2035 salvos
2350 1975 2487 2019 nos-

538 2069 743 2155 trique
769 2048 1077 2131 memores
1099 2117 1115 2144 ,
1162 2066 1289 2130 imo
1314 2065 1393 2129 de
1423 2048 1613 2130 rebus
1643 2067 1798 2135 meis
1830 2067 2122 2130 sollicitos
2148 2047 2321 2145 esse{
2358 2086 2486 2149 gra-

534 2189 634 2244 tus
666 2181 1010 2265 ‚laetusque
1054 2178 1373 2263 perspexi.
1445 2178 1567 2241 Det
1603 2178 1782 2243 vobis
1807 2172 2052 2242 Numen
2078 2198 2488 2262 quaecunque

535 2290 904 2354 mortalibus
949 2310 1194 2352 summa
1249 2286 1568 2352 distribuit
1609 2288 1777 2353 bona
1804 2340 1821 2366 ‚
1880 2288 2153 2372 faxitque
2183 2297 2253 2351 ut
2273 2306 2486 2353 coram

536 2400 717 2465 vobis
740 2403 1023 2475 animum
1056 2386 1514 2464 deditissimum
1553 2397 1888 2484 aliquando
1925 2397 2351 2461 demonstrare
2374 2397 2486 2477 mi·

536 2509 734 2574 himet
763 2511 1102 2597 contingat.
1178 2509 1436 2574 Interim
1476 2530 1636 2596 quae
1673 2517 1890 2594 potero
1922 2506 2146 2572 absens
2177 2515 2355 2594 grata
2383 2529 2486 2588 vq-

539 2620 637 2684 bis
666 2631 982 2705 praestare
1011 2672 1027 2699 ,
1082 2630 1153 2684 ut
1183 2621 1513 2707 hucusque
1543 2621 1665 2686 feci
1690 2671 1705 2699 ‚
1753 2625 1922 2685 certe
1967 2619 2291 2706 nunquam
2315 2669 2331 2699 ‚
2368 2619 2486 2682 nisi

536 2752 684 2796 cum
724 2732 851 2797 vita
873 2753 975 2796 me
1008 2731 1288 2808 deseret,
1324 2729 1647 2797 desistam.

584 2899 588 2907 .
629 2844 801 2922 Inter
814 2843 1052 2934 semina
1062 2841 1349 2907 hodierni
1366 2843 1646 2907 fasciculi
1663 2843 1939 2906 eminent
1958 2864 1974 2906 t
1997 2840 2284 2905 Robim‘a
2295 2860 2478 2917 nova,

540 2951 830 3037 Sophora
847 2955 1343 3037 ahmam-muas,
1369 2952 1447 3018 A
1447 2955 1734 3039 strayalz'
1751 2962 1938 3039 atque
1955 2950 2238 3018 Salsolae
2250 2951 2480 3030 variae,

544 3086 884 3151 omnesque
911 3067 1162 3131 raritate
1186 3068 1442 3132 vincens
1457 3063 1537 3138 A
1539 3066 1806 3128 naha-sis
1830 3075 2107 3129 cretacea
2126 3114 2142 3143 ‚
2170 3065 2327 3129 mira
2350 3085 2487 3150 pro·

541 3178 788 3263 gemes,
820 3199 1008 3262 quam
1032 3178 1144 3256 tibi
1164 3157 1474 3262 posthaec
1496 3174 1895 3268 suppeditare
1910 3197 2232 3262 nunquam
2242 3187 2482 3264 potero,

541 3286 809 3372 ideoque
840 3288 1091 3372 copiosa
1121 3290 1359 3353 semina
1389 3288 1570 3365 misi,
1622 3308 1783 3372 quae
1818 3287 1885 3349 in
1909 3287 2042 3350 solo
2066 3286 2369 3352 artificiali
2392 3306 2485 3370 ,ρ

544 3408 713 3463 creta
734 3400 1091 3463 calcareave
1115 3408 1285 3461 terra
1309 3419 1456 3462 cum
1481 3397 1704 3479 limosa
1730 3399 1831 3462 vel
1855 3420 2184 3487 margacea
2206 3399 2486 3482 commisf

544 3507 765 3588 cende,
791 3510 913 3572 seri
937 3508 1168 3584 debent
1193 3507 1654 3594 maximamque
1682 3518 1925 3594 partem
1949 3510 2173 3575 siccius
2198 3508 2490 3575 habenda

545 3629 714 3684 sunt.
794 3618 920 3685 Sed
948 3621 1108 3686 nosti
1134 3642 1235 3683 me
1259 3619 1433 3692 talia,
1475 3620 1687 3705 qualia
1715 3622 1840 3701 hoc
1871 3643 2035 3696 anno
2066 3623 2297 3707 accipis
2316 3672 2331 3700 ‚
2364 3640 2489 3692 non

545 3733 813 3817 amplius
841 3733 1181 3812 ‚missurum
1210 3757 1228 3815 ;
1279 3753 1558 3818 namque
1582 3734 1702 3798 hae
1734 3744 1879 3814 sunt
1902 3745 2215 3800 extremae
2239 3731 2498 3812 Sibiriae

432 3835 439 3840 ’
548 3839 799 3908 divitiae
829 3892 845 3921 ‚
902 3842 1005 3907 cui
1059 3842 1345 3928 protinus
1391 3851 1453 3907 et
1479 3845 1665 3929 plane
1687 3845 1841 3928 mihi
1865 3841 2341 3922 valedicendum
2360 3842 2500 3927 jam

550 3952 668 4014 crit
691 3977 710 4035 3
742 3974 946 4038 neque
970 3953 1208 4038 sperari
1227 3963 1434 4037 potest
1463 3955 1763 4039 alpestres
1794 3942 2199 4038 illas'plantas
2222 3953 2289 4017 in
2314 3954 2499 4020 horto
