2952 5080
523 540 573 583 ι.
604 535 940 586 summm
1427 599 1428 602 Ἴ
1449 519 1576 584 156
2078 526 2087 536 “
2108 537 2115 540 ·
2140 544 2470 591 numanus.

521 745 694 812 dicas
747 747 1060 813 Orchz‘des
1109 758 1174 813 et
1211 749 1426 814 ‘icones
1463 744 1815 830 specierum
1837 746 2310 834 Europaearum
2338 731 2473 837 per·

522 881 713 946 quam
760 860 1095 945 speciosas.
1176 860 1439 924 Gratum
1483 856 1763 920 animum
1790 878 1908 959 pro
1932 858 2031 923 his
2063 861 2357 925 omnibus
2375 862 2478 927 be·

521 972 757 1037 neficiis
801 972 1054 1037 interim
1100 971 1310 1036 verbis
1357 977 1668 1046 testarer,
1723 969 1776 1032 si
1808 968 2005 1034 verba
2034 972 2481 1058 gratitudinem

521 1082 869 1168 significare
912 1083 1236 1158 valerent,
1285 1078 1478 1143 rebus
1502 1087 1760 1159 autem,
1812 1080 1864 1143 si
1883 1101 2061 1166 quae·
2056 1087 2163 1145 est
2188 1065 2481 1169 opportu-
2556 1105 2561 1110 ·

519 1191 726 1271 nitas,
780 1192 1067 1256 evincere
1094 1188 1400 1253 conabor.
1467 1190 1690 1253 Icones
1716 1187 1798 1252 ad
1820 1177 1979 1274 opus
1999 1210 2214 1253 meum
2224 1189 2316 1255 de
2346 1190 2480 1257 Or-

518 1303 822 1367 chz'dz'bus
865 1303 998 1366 Tua
1044 1322 1190 1366 cum
1224 1301 1407 1366 venia
1448 1300 1798 1373 adhibebo,
1842 1299 2306 1384 diligentissime
2328 1324 2482 1369 vero

523 1412 954 1479 custodientur
973 1462 989 1491 ‚
1054 1433 1135 1475 ne
1182 1411 1534 1497 quidquam
1584 1412 1894 1497 accipiant
1932 1410 2312 1477 detrimenti.
2400 1416 2486 1478 Ut

521 1523 769 1589 Indicas
808 1522 1109 1588 a'dhihere
1144 1523 1387 1609 possim
1419 1543 1648 1590 vereor
1667 1573 1684 1601 ,
1722 1544 1867 1587 cum
1892 1525 2224 1588 staminum
2248 1526 2481 1589 machi-

521 1636 672 1700 nula
695 1685 711 1713 ‚
760 1657 922 1722 quae
953 1636 1109 1700 mihi
1146 1636 1544 1700 characteres
1572 1633 1930 1720 suppeditat
1946 1686 1963 1714 ,
2017 1656 2146 1699 non
2169 1637 2485 1722 exprima-

521 1756 648 1810 tur.
713 1748 849 1834 Ego
891 1746 1142 1811 interim
1188 1745 1562 1832 progredior
1603 1755 1666 1810 et
1687 1746 1960 1832 reliquas
1985 1733 2336 1811 Helveticas
2356 1748 2483 1832 hoc
2518 1807 2522 1817 ‚

522 1873 690 1921 anno
734 1854 965 1921 addam
1003 1856 1367 1943 priorihuS‚
1420 1866 1495 1921 ut
1540 1877 1744 1942 nuper
1777 1857 2368 1940 anthropophoram
2394 1858 2482 1945 fle-

520 1991 768 2033 mmam
791 1979 978 2054 atque
991 1970 1357 2075 palmatam
1377 1969 1678 2053 alpinam
1697 1989 1923 2053 parum
1942 1978 2180 2032 notam.
2200 1968 2483 2033 Chomel-

520 2079 576 2143 li
589 2081 776 2145 etiam
811 2080 1024 2145 icones
1055 2078 1426 2145 orchidum
1459 2079 1725 2165 accepi,
1770 2089 1937 2166 quae
1952 2081 2021 2143 in
2043 2080 2254 2144 Gallia
2266 2099 2482 2165 prove·

522 2192 728 2257 niunt
742 2202 804 2258 et
843 2214 881 2257 a
911 2193 993 2256 1).
1029 2192 1207 2257 Simii
1223 2201 1291 2262 ‘et
1312 2190 1670 2256 Pontedera
1693 2191 1939 2255 Italicas
1960 2191 2293 2275 exspecto,
2356 2199 2482 2296 quo

522 2303 988 2387 plenissimam,
1035 2312 1341 2389 quantum
1366 2303 1507 2366 fieri
1533 2301 1800 2388 poterit,
1822 2302 2313 2385 Europaearum
2354 2317 2484 2363 cer·

524 2422 587 2477 te
605 2403 1003 2479 Orc-hidam
1035 2403 1373 2479 historiam
1409 2413 1572 2478 dare
1594 2413 1800 2477 liceat.
1852 2409 2129 2474 Interim
2150 2411 2483 2496 quotannis

525 2526 862 2592 itineribus·
892 2526 974 2592 ad
1006 2528 1210 2594 varias
1239 2526 1478 2613 patriae
1511 2522 1690 2591 sedes
1715 2524 2014 2609 susceptis
2038 2539 2235 2588 conor
2257 2511 2488 2589 menda

526 2649 590 2703 et
626 2638 907 2704 defectus
943 2639 1446 2704 Enumerationis
1478 2658 1658 2702 meae
1692 2637 1893 2723 stirps
1921 2635 2106 2701 Helv.
2154 2636 2443 2721 supplere
2463 2687 2480 2713 ,

526 2758 596 2814 ut
618 2772 810 2838 quam
844 2753 1099 2816 minime
1124 2752 1414 2818 vitiosam
1440 2752 1706 2814 alteram
1729 2746 2067 2817 editionem
2096 2769 2318 2834 parare
2349 2768 2487 2831 pos·

526 2863 684 2927 sim..
729 2863 936 2928 Novas
971 2872 1275 2948 perpetuo
1312 2854 1652 2948 inquilinas
1678 2861 1903 2946 stirpes
1921 2858 2167 2944 reperio
2190 2866 2253 2921 et
2273 2876 2474 2941 nuper

522 2969 987 3038 Scorzoneram
1034 2996 1251 3041 veram
1300 2974 1730 3060 Hispanorum
1772 2970 1985 3045 radice
2026 2971 2297 3035 maxima
2336 2968 2474 3054 pilis

507 3094 822 3161 coronata
846 3136 863 3165 ‚
912 3084 1369 3171 Asclepiadem
1415 3085 1575 3148 flore
1610 3084 1790 3175 nigro
1813 3093 1876 3147 et
1905 3082 1999 3147 M
1993 3084 2324 3170 illes'olz’am
2345 3083 2471 3168 alp.

525 3193 793 3260 odorum
816 3218 854 3261 a
875 3194 1201 3281 descriptis
1222 3196 1377 3259 meis
1403 3193 1748 3259 diversum.

621 3307 800 3389 Quae
843 3305 922 3371 de
964 3307 1261 3393 stirpibus
1303 3297 1551 3392 alpinis
1570 3302 1753 3368 addis
1778 3353 1795 3384 ,
1833 3304 1921 3367 ita
1957 3304 2101 3368 volo
2124 3325 2266 3368 mea
2287 3302 2483 3370 verba

527 3417 874 3505 intelligam,
919 3415 1390 3482 humanissime
1395 3416 1810 3491 Burmann,
1840 3422 1912 3478 ut
1933 3435 2014 3477 ne
2036 3411 2317 3491 dubites,
2349 3433 2484 3476 om-

527 3527 631 3591 nia
669 3547 810 3590 mea
844 3524 981 3590 Tibi
1020 3534 1239 3611 parata
1284 3544 1465 3601 esse,
1518 3523 1873 3610 stirpesque
1894 3543 2047 3609 prae
2078 3521 2212 3586 aliis
2234 3521 2475 3596 siccas,

529 3660 683 3725 quas
708 3631 878 3703 soleo
903 3646 1185 3703 vertente
1206 3647 1559 3715 autumno,
1601 3645 1746 3721 post
1770 3635 2061 3700 collectas
2090 3632 2350 3697 aestivas
2382 3610 2480 3692 co-

526 3752 702 3836 pia8‚
739 3770 859 3836 pro
883 3750 1097 3814 amicis
1121 3770 1464 3836 seponere,
1512 3748 1816 3836 Tibique‚
1867 3756 2298 3834 quaecumque
2314 3739 2475 3805 mihi

527 3858 753 3925 mereri
766 3856 1178 3938 videbuntur,
1204 3858 1458 3926 omnino
1484 3856 1724 3925 mittam
1736 3884 1767 3923 s
1779 3859 1990 3922 Liceat
2009 3850 2215 3919 autem
2244 3851 2312 3916 in
2328 3846 2475 3945 ami·

532 3993 678 4036 cum
702 3974 980 4038 animum
1007 3969 1322 4057 deponere·
1338 4023 1353 4049 ,
1393 3973 1655 4036 Linnaei
1671 3974 1926 4035 ‘mecum
1951 3970 2156 4031 more‘s
2182 3952 2249 4031 et
2265 3966 2478 4051 'perpe-
