2952 5080
482 548 750 596 mmmm
1089 509 1095 516 ⁵
1428 528 1512 591 61
1820 550 1886 592 u.
1919 551 1979 594 ι.
2013 540 2424 598 emmaus:

564 759 747 822 ³Inte1·
780 757 975 822 siccas
1007 751 1559 842 Geranz‘z‘2species
1578 754 2001 841 pulcherrima
2025 768 2088 823 et
2106 762 2294 845 plane
2314 780 2422 823 no-

477 870 778 943 vamissa
804 868 966 946 fuit,
1019 863 1330 951 calycibus
1363 866 1781 952 monophyllis
1800 917 1819 947 ‚
1867 869 2044 931 caule
2085 870 2415 948 fruticoso,

477 978 657 1043 foliis·
673 977 952 1051 ovalibus
979 976 1378 1060 tomentosis‚
1363 1000 1377 1015 ·
1421 975 1610 1040 flores
1653 979 2000 1061 inquinati
2033 977 2227 1042 instar
2243 1029 2261 1057 ,
2308 977 2421 1043 sed

476 1087 780 1165 minores,
810 1083 1008 1170 magis
1033 1082 1242 1161 rubri,
1273 1083 1488 1169 petioli
1510 1083 1672 1149 foliis
1703 1083 1890 1170 triplo
1919 1085 2257 1172 longiores.

488 1197 706 1259 Mox
736 1194 973 1279 accipio
1000 1194 1236 1258 litteras
1269 1202 1406 1258 tuas
1438 1192 1522 1259 ad
1550 1215 1652 1258 me
1678 1215 1717 1259 a
1738 1203 1798 1258 te
1824 1193 2027 1259 datas.

492 1306 826 1370 Gratum
846 1305 1001 1369 mihi
1031 1314 1160 1383 est,
1185 1304 1358 1392 quod
1379 1305 1601 1370 scribis
1624 1327 1726 1370 me
1745 1307 1816 1370 in
1836 1304 1997 1371 flora
2022 1306 2287 1392 Capensi
2317 1305 2421 1372 ad-

471 1354 621 1481 dere
645 1415 877 1482 debere
911 1418 1304 1502 synonyma,
1343 1415 1519 1503 quod
1539 1438 1674 1482 non
1693 1417 2018 1495 fecissem,
2050 1417 2338 1504 exceptis
2349 1418 2421 1481 il-

466 1527 541 1590 lis
560 1577 578 1606 ‚
624 1548 785 1615 quae
832 1526 1059 1591 tabulis
1103 1548 1432 1613 expressae
1478 1527 1688 1607 fuere,
1739 1535 1801 1592 et
1833 1529 2001 1592 hanc
2040 1525 2298 1612 quidem
2337 1527 2437 1609 ob,

463 1658 780 1715 caussam,
816 1657 964 1701 cum
993 1636 1323 1702 crederem
1354 1639 1711 1724 synonyma
1728 1687 1746 1716 ‚
1794 1660 1955 1724 quae
1970 1646 2223 1705 „veteres
2249 1639 2423 1723 plan-

461 1749 540 1812 tis
560 1746 883 1833 .addidere
901 1799 918 1829 ,
973 1750 1333 1835 saepissime
1378 1747 1539 1821 adeo
1580 1749 1828 1814 fallacia
1857 1770 1993 1813 esse
2012 1799 2029 1829 ,
2085 1758 2157 1814 ut
2198 1750 2310 1814 uni
2342 1750 2423 1813 ei.

464 1856 734 1946 demque
772 1861 1022 1945 plantae
1070 1859 1217 1924 addi
1264 1870 1521 1946 possent
1568 1861 1930 1947 nulliusque
1967 1882 2148 1925 usus.
2221 1861 2290 1927 Si
2328 1882 2424 1925 ae·

465 1987 579 2052 gre
616 1987 751 2029 non,
775 1966 943 2029 feras
982 1966 1050 2028 in
1072 1967 1478 2051 sequentibus
1498 2015 1517 2040 ‚
1556 1989 1675 2045 nec
1714 1969 2029 2055 ingratum
2064 1969 2214 2042 erit,
2259 1971 2429 2056 cogi-

464 2062 617 2140 tata,
633 2073 946 2160 quaedam
984 2084 1193 2144 tecum
1233 2075 1715 2143 communicabo
1736 2125 1752 2153 ‚
1802 2097 1931 2141 non
1970 2096 2124 2142 vero
2167 2097 2424 2141 censere

462 2183 655 2248 debes
676 2234 692 2263 ‚
728 2206 830 2248 me
860 2186 1050 2250 hasce
1072 2186 1466 2270 quaestiones
1492 2164 1752 2250 movere
1767 2233 1784 2263 ‚
1820 2194 1893 2249 ut
1909 2204 2154 2249 errores
2174 2183 2423 2271 (saltem

467 2304 540 2359 ut
566 2292 748 2381 puto)
780 2294 894 2363 tihi
937 2293 1364 2368 demonstrem
1383 2344 1400 2374 ,
1431 2316 1584 2359 nam
1613 2295 1772 2360 haec
1799 2315 1941 2359 mea
1964 2295 2266 2367 sententia
2293 2314 2426 2359 non

466 2414 559 2469 est
573 2455 596 2481 .‚
642 2413 708 2469 et
744 2414 879 2469 tum
901 2405 1311 2469 melius'foret
1338 2414 1546 2470 tacere
1569 2454 1587 2482 ‚
1638 2402 1752 2469 sed
1778 2396 2022 2481 tantum
2039 2415 2115 2479 ,ut
2136 2402 2418 2481 videam,

466 2513 622 2601 quid
645 2515 754 2579 tibi
774 2513 853 2580 de
875 2517 1046 2590 hisee
1066 2515 1380 2588 videatur.
1404 2517 1486 2592 E.
1506 2515 1588 2581 G.
1612 2513 1714 2582 W
1704 2513 2170 2602 achendqrfflae
2186 2516 2423 2603 thyrsi-

453 2628 659 2713 florae
691 2627 758 2690 in
801 2637 1126 2712 systemate
1156 2627 1470 2714 adscripta
1508 2627 1625 2691 fuit
1648 2628 1901 2714 Breynii
1936 2628 2141 2715 figura
2165 2648 2243 2692 ex
2272 2649 2422 2714 pro-

466 2735 689 2802 dromo
710 2787 727 2817 ,
771 2759 933 2825 quae
962 2739 1168 2825 potius
1214 2740 1577 2820 conveniret
1619 2760 1766 2803 cum
1794 2739 2189 2824 particulata
2206 2786 2223 2816 ,
2280 2759 2427 2803 cum

471 2867 598 2933 qua
618 2848 853 2931 optime
879 2847 1171 2913 convenit
1193 2896 1208 2924 ,
1238 2846 1449 2934 quoad
1471 2847 1751 2913 radicem
1767 2896 1786 2923 ‚
1816 2845 2081 2912 modum
2103 2845 2424 2912 crescendi

469 2965 533 3020 et
577 2956 846 3022 florendi
860 3006 878 3032 ,
924 2967 994 3022 ut
1035 2959 1102 3022 in
1133 2960 1397 3024 maculis
1428 2956 1510 3023 ad
1534 2960 1742 3045 petala
1770 2969 2029 3044 apparet
2058 2967 2219 3042 etc.;
2279 2980 2425 3023 cum

469 3067 651 3133 radix
693 3070 760 3134 in
802 3071 1180 3159 thyrszflora
1221 3079 1452 3159 magna
1484 3071 1784 3137 tuberosa
1812 3069 2269 3161 vegetandique
2298 3092 2425 3136 mo·

470 3176 555 3243 do
583 3179 847 3245 multum
879 3178 1146 3244 differat.
1302 3251 1311 3259 ,
1553 3252 1560 3258 ,

568 3286 670 3354 W
660 3290 807 3354 ach.
851 3294 1111 3357 villosae
1144 3292 1441 3359 adnotata
1465 3295 1586 3359 fuit
1610 3294 1815 3381 figura
1842 3292 2094 3378 Breynii
2136 3313 2214 3356 ex
2244 3292 2419 3357 Cent.

470 3397 649 3485 cujus
682 3399 918 3465 siccum
945 3403 1152 3468 habeo
1189 3408 1542 3493 exemplar,
1583 3402 1695 3470 sed
1727 3412 1856 3467 toto
1888 3404 2063 3470 coelo
2088 3401 2419 3485 differens;

468 3509 618 3574 folia
656 3509 826 3574 enim
867 3510 978 3598 fig.
1025 3515 1277 3601 Breynii
1328 3524 1474 3580 sunt
1503 3516 1730 3601 plicata
1750 3562 1767 3591 ,
1815 3522 1885 3577 ut
1931 3514 1998 3575 in
2047 3512 2424 3599 thyrsiflora

328 3670 337 3680 .
468 3629 533 3685 et
567 3619 805 3685 modus
825 3620 1092 3686 florendi
1114 3673 1130 3702 ‚
1169 3646 1314 3691 cum
1352 3626 1420 3689 in
1444 3645 1586 3688 meo
1613 3622 1952 3706 exemplari
1980 3620 2167 3685 flores
2190 3642 2424 3708 corym-

473 3728 613 3796 bosi
652 3730 912 3818 quidem
927 3782 944 3811 ,
994 3731 1107 3797 sed
1135 3730 2188 3820 foliaplanelanoeolato-linearia..
2255 3731 2432 3813 Quid>

475 3841 589 3906 tibi
612 3842 697 3908 de
716 3846 839 3910 hac
855 3867 926 3910 re
943 3844 1237 3911 videtur?
1259 3867 1342 3910 an
1372 3866 1572 3924 nova,
1597 3866 1678 3910 an
1701 3865 1854 3911 vero
1883 3842 2296 3910 omittendum
2317 3846 2424 3931 Sy-

475 3971 825 4037 nonymum
852 3957 1142 4042 Breynii,
1196 3933 1582 4043 respondeas
1619 3978 1851 4047 quaeso
1888 3957 2100 4044 super
2116 3958 2308 4041 haec;
2366 3955 2421 4020 si

476 4084 605 4128 non
635 4063 992 4152 displiceat,
1028 4070 1214 4155 plura
1242 4067 1500 4134 notabo.
