2952 5080
448 533 511 580 n,
546 537 605 579 ι.
636 530 968 579 autumno
1341 512 1475 577 249
2019 533 2378 579 munnam.
2440 538 2443 542 “
2495 602 2500 613 ‚
2609 603 2620 614 ἡ

320 779 333 791 -
442 745 598 808 mihi
637 751 951 829 praestare
976 791 992 818 ‚
1053 738 1443 823 venerandus
1471 760 1662 804 senex
1687 761 1815 804 non
1846 752 1940 805 est
1965 740 2333 829 dedignatus
2356 790 2375 819 ,

444 851 623 938 cujus
658 874 847 947 canos
870 853 1152 916 venerari
1185 872 1303 938 ego
1335 872 1660 938 nunquam
1687 850 2086 918 intermittam
2105 902 2122 929 ‚
2153 860 2154 865 ’
2182 874 2381 939 usque

440 964 596 1032 dum
623 966 863 1031 vixero.

529 1073 634 1140 Ad
681 1074 867 1139 Texel
914 1074 1167 1158 contigit
1218 1074 1371 1138 mihi
1424 1074 1599 1159 sequi
1622 1074 1958 1141 Dominum
1986 1075 2333 1139 Beaumont
2355 1123 2372 1151 ,

442 1176 590 1247 etin
613 1184 899 1249 navicula
917 1180 1122 1269 (jayt)
1138 1183 1441 1257 societatis
1460 1181 1713 1248 Indicae
1736 1194 2152 1248 commoratus
2171 1183 2384 1268 fuiper

443 1303 583 1359 octo
615 1292 746 1357 dies
772 1316 790 1376 3
848 1302 999 1357 tunc
1028 1313 1253 1358 navem
1275 1291 1695 1371 conscendere
1727 1303 1978 1358 coactus
2007 1295 2097 1358 fui
2113 1344 2129 1372 ,
2181 1293 2263 1357 ob
2288 1294 2384 1356 in-

440 1402 686 1467 felicem
706 1440 711 1457 .-
732 1415 946 1467 casum
995 1401 1205 1466 militis
1229 1450 1246 1480 ‚
1302 1400 1482 1487 cujus
1524 1424 1635 1488 pes
1672 1400 1889 1466 dexter
1913 1404 2063 1467 fune
2089 1403 2383 1488 abreptus

443 1514 558 1578 fuit
577 1515 643 1577 in
665 1514 799 1598 ipsa
822 1513 1270 1591 articulatione,
1297 1534 1443 1601 cnm
1468 1514 1621 1578 tibia
1642 1514 1886 1605 integra
1910 1524 1972 1578 et
1999 1515 2195 1580 fibula
2222 1516 2385 1578 frac-

436 1630 502 1689 ta
519 1675 537 1702 ,
588 1623 841 1688 tendine
868 1622 1128 1688 Achillis
1151 1626 1479 1709 paululum
1502 1625 1780 1708 integro:
1815 1628 2061 1714 rogavit
2077 1627 2382 1690 Dominus

436 1735 787 1799 Beaumont
802 1785 819 1812 ‚
853 1744 927 1799 ut
955 1733 1441 1799 conscenderem
1472 1756 1696 1801 navem
1718 1785 1734 1813 ‚
1768 1737 2020 1801 visurus
2048 1736 2201 1822 quid
2219 1745 2383 1801 ⁴esset

435 1842 900 1931 suscipiendum
927 1866 944 1908 t
999 1866 1184 1908 omne
1223 1846 1524 1909 auxilium
1551 1845 1821 1930 positum
1854 1855 1987 1910 erat
2006 1847 2082 1909 in
2104 1855 2379 1932 amputa-

432 1954 601 2018 tione
624 2004 640 2033 ,
688 1976 865 2041 ‘quae
917 1956 1002 2020 ob
1039 1953 1355 2020 defectum
1393 1956 1949 2020 instrumentorum
1979 1958 2209 2041 suscipi
2248 1977 2375 2021 non

429 2073 695 2148 poterat;
724 2065 902 2129 miles
925 2065 1135 2151 itaque
1161 2065 1245 2130 ad
1269 2065 1496 2130 urbem
1512 2067 1736 2131 missus
1756 2066 2374 2140 fuit.‚-÷P1urimum

430 2174 661 2240 favoris
707 2176 863 2239 mihi
904 2176 1209 2263 praestitit
1253 2177 1557 2241 Dominus
1587 2178 1937 2241 Beuumont
1973 2186 2035 2240 et
2062 2176 2250 2241 simul*
2276 2197 2371 2240 ca·

426 2284 673 2369 pitaneo
721 2285 896 2351 navis
939 2296 1172 2351 memet
1211 2285 1696 2367 commendavit.
1754 2286 1998 2373 Optime
2009 2286 2146 2350 huc
2170 2304 2370 2371 usque

427 2394 595 2457 valui
647 2403 709 2458 et
761 2395 956 2460 amice
996 2396 1142 2462 vivo
1186 2417 1334 2461 cum
1373 2395 1666 2461 omnibus
1715 2396 2073 2462 officiariis
2054 2417 2121 2460 m
2166 2415 2365 2461 nave:

427 2500 766 2588 hospitium
808 2505 962 2569 mihi
986 2526 1353 2571 concessum
1380 2515 1475 2571 est
1501 2505 1567 2571 in
1593 2504 1913 2595 (kajuit),
1963 2504 2075 2572 sed
2104 2514 2244 2593 post
2267 2505 2370 2572 ali-

429 2619 583 2694 quot
617 2609 749 2675 dies
786 2611 941 2675 mihi
973 2597 1343 2680 conceditur,
1364 2616 1620 2698 propria
1645 2637 1922 2695 camera,
1983 2617 2049 2684 in
2080 2636 2372 2703 suprema

352 2793 358 2802 ,
429 2722 926 2808 contignatione,
982 2721 1094 2786 ubi
1121 2741 1399 2788 cameras
1423 2724 1660 2789 habent
1688 2728 2088 2811 capitaneus,
2140 2727 2371 2813 guber-

428 2841 676 2902 natores
725 2840 787 2895 et
833 2829 1164 2918 chirurgus
1214 2832 1572 2918 primarius.
1663 2834 1922 2918 Triginti
1974 2834 2219 2902 circiter
2262 2855 2368 2899 ae-

429 2940 526 3025 gri
570 2940 636 3003 in
664 2957 823 3005 nave
874 2940 1068 3005 hacce
1120 2929 1524 3006 inveniuntur
1540 2989 1558 3019 ‚
1595 2939 1864 3026 quidam
1898 2939 2130 3008 detenti
2177 2941 2369 3006 febri-

364 3031 377 3046 ·
427 3049 548 3115 bus
615 3050 1066 3127 catarrhalibus
1093 3100 1109 3129 ‚
1181 3050 1438 3138 quidam
1498 3050 1827 3138 pleuritide
1891 3055 2103 3139 spuria
2122 3103 2138 3128 .
2210 3075 2366 3140 pau-

427 3162 485 3227 ci
544 3160 900 3232 diarrhoea.
992 3162 1157 3227 Cista
1212 3161 1815 3227 medicamentorum
1869 3185 1997 3228 non
2042 3166 2317 3250 aperitur
2342 3214 2359 3240 ‚

427 3270 729 3357 quamdiu
778 3294 1101 3337 manemus
1131 3273 1195 3336 in
1223 3274 1439 3347 Texel,
1495 3272 1778 3359 adeoque
1803 3279 2004 3359 pauca
2029 3271 2111 3346 ad
2137 3295 2383 3344 manus,

430 3384 735 3449 habemus
779 3383 1193 3449 medicamina
1208 3433 1225 3463 ‚
1276 3406 1436 3471 quae
1469 3407 1668 3470 parva
1704 3385 1885 3470 copia
1921 3407 2035 3471 per
2075 3386 2243 3451 vices
2280 3386 2362 3451 ab

428 3490 930 3559 Amstaeledamo
966 3495 1094 3560 huc
1114 3496 1467 3585 mittuntur.
1546 3495 1906 3582 Jucundum
1932 3496 2086 3590 mihi
2113 3496 2359 3582 pollice-
2449 3481 2455 3485 ’

426 3628 499 3671 or
528 3607 685 3685 iter2
718 3605 831 3670 sed
864 3607 992 3672 vita
1014 3607 1263 3672 nautica
1284 3605 1501 3696 studiis
1532 3627 1659 3671 non
1684 3605 1873 3671 favet:
1908 3606 2005 3670 bis
2030 3627 2144 3691 per
2163 3605 2354 3685 diem,

423 3717 656 3782 scilicet
682 3717 841 3781 hora
879 3724 1096 3782 octava
1119 3718 1420 3782 matutina
1451 3715 1536 3781 ad
1559 3716 1866 3781 decimam
1899 3724 1961 3780 et
1988 3717 2147 3781 hora
2172 3698 2359 3803 quar-

289 3869 300 3884 ·
423 3837 488 3891 ta
510 3826 593 3891 ad
621 3838 858 3898 sextam
887 3826 1131 3892 adimus
1157 3848 1374 3913 aegros
1395 3852 1416 3913 3
1443 3849 1559 3913 per
1587 3828 1898 3913 reliquum
1920 3823 2164 3914 tempus
2186 3850 2358 3914 prae·

422 3956 714 4022 paramus
743 3937 1218 4020 medicamenta,
1248 3958 1408 4028 quae
1433 3947 1945 4025 non'praeparata
1966 3925 2277 4004 hahentur
2298 3948 2360 4002 et
