2952 5080
450 565 517 608 n.
545 565 607 610 1..
638 564 967 621 suamne
1346 545 1482 612 225
2129 567 2378 612 ramas.

447 771 608 838 dolis
638 772 1076 863 aegritudines.
1157 773 1509 853 Studiosus,
1545 794 1735 861 quem
1761 774 1829 839 in
1860 775 2080 862 alpinis
2113 774 2384 840 Dauriae

446 885 852 970 reliqueram,
898 895 1041 971 post
1084 879 1488 950 diarrhoeam
1509 894 1639 949 toto
1680 906 1945 972 corpore
1973 907 2168 971 aeger·
2186 887 2385 951 factus

443 1005 582 1074 est,
614 1018 760 1061 cum
790 996 1214 1062 obstructione
1244 997 1367 1062 alvi
1395 997 1888 1082 pertinacissima
1914 1022 1933 1082 ς
1973 997 2247 1083 epotavit
2273 1018 2386 1082 pa-

444 1113 608 1170 teras
649 1104 804 1171 duas
842 1107 1105 1173 circiter*
1119 1115 1158 1187 3
1205 1128 1325 1172 vm
1354 1107 1665 1194 singulam
1693 1157 1710 1184 ‚
1747 1109 2080 1194 -sensitque
2102 1116 2245 1192 post
2270 1107 2387 1171 ho—

446 1237 583 1280 ram
630 1215 738 1281 vix
776 1218 1052 1303 elapsam
1080 1242 1104 1296 ‚·
1157 1239 1304 1283 cum
1331 1218 1700 1311 alienatione
1738 1219 1948 1304 aliqua
1994 1216 2250 1294 mentis,
2289 1237 2388 1282 re·

443 1324 722 1391 medium
740 1377 756 1406 ‚
787 1329 964 1414 quasi
982 1326 1275 1392 ardorem
1306 1327 1622 1414 quendam
1640 1378 1657 1407 ‚
1692 1349 1807 1415 per
1835 1348 2052 1392 omnes
2082 1336 2255 1391 artus
2285 1346 2389 1391 va·

442 1433 594 1500 dere
626 1460 644 1502 ε
691 1439 965 1524 epotavit
991 1447 1142 1504 tunc
1168 1459 1399 1525 aquam
1424 1437 1720 1526 frigidam
1748 1462 1768 1521 ς
1823 1439 1988 1504 sitim
2018 1439 2187 1503 enim
2215 1446 2389 1503 creat

440 1546 772 1614 decoctum
801 1599 819 1630 ‚
874 1559 937 1613 et
975 1558 1118 1635 post
1157 1570 1387 1635 aquam
1419 1548 1715 1635 frigidam
1743 1550 2016 1623 vomitus
2046 1548 2387 1615 succedere

425 1661 595 1724 solet
615 1710 632 1737 ‚
666 1657 982 1724 interdum
1011 1669 1073 1723 et
1100 1659 1276 1727 crisis
1308 1681 1423 1744 per
1453 1658 1877 1726 diarrhoeam.
1946 1661 2047 1725 Illi
2080 1662 2250 1725 solus
2263 1690 2268 1697 ·
2281 1681 2386 1726 vo·

434 1772 625 1835 mitus
653 1767 924 1846 accidit,
974 1790 1123 1834 cum
1146 1770 1319 1834 nulla
1345 1770 1717 1856 purgatione
1745 1774 1761 1848 ς
1812 1778 2131 1857 sanusque
2164 1771 2384 1837 evasit.

435 1879 624 1944 Plebs
657 1880 725 1944 in
777 1879 1143 1949 universum
1176 1886 1476 1966 tanquam
1507 1878 1793 1947 divinum
1822 1874 2172 1945 remedium
2200 1883 2389 1947 extol-

437 1989 550 2068 lit,
597 2009 804 2077 neque
833 1988 915 2054 ab
947 1990 1080 2055 ullo
1106 1988 1395 2055 effectum
1426 1987 1764 2055 adversum
1792 1987 2004 2055 audivi
2034 2039 2053 2068 ‚
2100 1991 2245 2056 licet
2271 1991 2391 2057 im-

435 2097 918 2185 prudentissime
943 2098 1029 2165 ad
1059 2100 1274 2165 omnia
1299 2100 1431 2164 fere
1459 2100 1629 2165 mala
1651 2108 1891 2186 potent.
1925 2134 2002 2147 —
2032 2100 2255 2185 Itaque
2283 2101 2389 2164 ali·

437 2221 741 2297 quantum
782 2208 969 2296 hujus
999 2212 1250 2298 plantae
1286 2233 1404 2296 pro
1440 2220 1504 2276 te
1537 2200 1852 2276 transmisi
1881 2210 2335 2274 mercatoribus
2363 2259 2383 2288 ‚

434 2321 830 2407 maximeque
856 2330 1141 2407 optarem
1164 2372 1181 2400 ‚
1233 2330 1306 2387 ut
1337 2322 1404 2387 in
1425 2322 1481 2385 N
1483 2321 1800 2387 osocomio
1822 2319 2224 2386 moderatum
2253 2317 2390 2404 ejus

433 2431 929 2516 experimentum
981 2431 1048 2495 in
1078 2429 1456 2497 difficillimis
1486 2431 1740 2497 morbis:
1759 2430 2075 2497 chronicis
2100 2451 2385 2515 caperes.

434 2539 608 2605 Licet
642 2540 811 2604 enim
851 2543 1061 2625 planta
1090 2563 1208 2628 pro
1239 2540 1485 2611 medico
1513 2564 1637 2609 usu
1665 2564 1701 2607 e
1729 2552 1861 2608 tam
1883 2542 2103 2607 dissita
2130 2540 2389 2627 regione

422 2673 563 2716 -non
612 2652 746 2716 sine
798 2650 1009 2716 studio
1057 2653 1314 2738 Collegii
1352 2651 1745 2720 medicorum
1784 2654 2231 2740 Petropolitani
2259 2652 2390 2741 (cni

430 2764 621 2832 etiam
671 2786 710 2828 a
757 2782 860 2826 me
905 2761 1342 2828 commendata
1382 2763 1502 2827 fuit
1528 2764 1770 2849 planta)
1816 2762 2131 2850 divulgari
2161 2764 2390 2849 poterit

433 2873 606 2960 apud
628 2883 914 2956 exteros3
970 2882 1177 2939 tamen
1205 2873 1357 2938 utile
1388 2874 1511 2937 erit
1538 2874 2033 2968 experimentum
2060 2922 2078 2951 ‚
2112 2883 2179 2937 et
2202 2873 2386 2937 forsi—

434 2992 542 3047 tan
571 2980 841 3048 Kalmia
871 3033 889 3061 ,
943 2982 1173 3070 insigni
1200 2983 1437 3068 pariter
1463 2982 1692 3048 ‘virtute
1720 2982 1962 3067 pollens
1989 3030 2007 3055 ,
2057 3003 2248 3068 quam
2272 3003 2389 3069 per

433 3091 673 3182 Anglos
703 3116 738 3158 e
755 3094 1005 3160 *boreali
1034 3093 1328 3168 America‘
1363 3093 1549 3160 facile
1585 3092 1946 3158 obtinebitis
1964 3140 1983 3165 ,
2042 3093 2229 3159 simili
2256 3093 2397 3159 vir-'

434 3203 563 3269 tute
591 3205 911 3292 gaudebit.
1015 3227 1021 3231 ·
1406 3255 1409 3260 -
2107 3209 2110 3212 ’

528 3313 722 3382 Aliud
752 3315 1101 3384 remedium
1128 3319 1194 3382 in
1224 3319 1458 3383 Dauria
1489 3313 2077 3386 celebratissimum,
2115 3310 2230 3376 sed
2247 3313 2385 3378 Νίτ-

437 3436 566 3492 tute
592 3449 768 3520 ,mere
796 3428 1065 3495 drastica
1095 3430 1338 3515 pollens
1367 3478 1384 3507 ‚
1420 3426 1603 3493 ra'dix
1633 3434 1727 3491 est
1740 3421 2052 3490 Stellerae.
2068 3420 2382 3488 Chamae-

421 3538 667 3626 james
688 3591 704 3620 ,
728 3533 1179 3628 Mandragorae
1198 3541 1394 3605 instar
1410 3539 1755 3603 humanam
1771 3534 2044 3621 effigiem
2068 3531 2385 3598 radicibus

435 3651 671 3717 imitata
694 3700 711 3730 ‚
740 3650 1009 3737 ideoque
1034 3650 1254 3716 Russis
1281 3647 1564 3713 Maskik
1592 3649 1787 3711 keren
1820 3642 2009 3718 dicta.
2037 3679 2042 3690 ·
2069 3642 2249 3708 Idem
2279 3647 2385 3708 no·

438 3783 584 3827 men
636 3762 1027 3849 eandemque
1069 3759 1536 3827 similitudinem
1566 3758 1804 3824 obtinet
1833 3753 2020 3820 radix
2044 3756 2385 3820 lactescens

440 3871 859 3958 Euphorbiae
892 3872 1221 3962 cujusdam
1263 3872 1570 3938 Dauricae
1585 3920 1602 3949 ‚
1646 3867 1823 3955 cnjus
1869 3867 2101 3954 pariter
2129 3887 2205 3931 ac
2226 3862 2385 3931 Stel-

439 3982 607 4047 Ierae
644 3988 878 4052 semina
907 3987 971 4050 in
1001 3982 1283 4052 secundo
1300 3983 1608 4049 fasciculo
1639 3980 1778 4047 misi
1809 4029 1827 4059 ‚
1884 3998 2176 4066 quaeque
2202 3976 2384 4050 nimis

1767 4092 1848 4155 15
