2952 5080
538 539 596 582 ι.
627 537 957 585 sumno
1440 516 1570 584 180
2044 536 2103 582 J.
2138 536 2467 586 castrans.

535 764 641 807 mo
692 743 951 809 fimiter
1000 740 1308 808 insedere.
1382 741 1459 807 Id
1499 750 1713 830 gratus
1757 763 2030 831 agnosco
2074 753 2138 809 et
2165 746 2471 830 imprimis

457 881 464 888 ·
516 863 679 940 opto
707 903 724 933 ,
781 862 851 917 ut
879 853 1152 939 aliquam
1182 853 1340 940 grati
1373 854 1564 919 animi
1591 851 2084 918 testificationem
2115 855 2254 940 ipso
2286 857 2472 940 opere

530 961 667 1026 Tibi
713 957 961 1046 possem
1003 963 1316 1028 exhibere.
1384 964 1450 1027 Si
1494 964 1703 1048 itaque
1748 960 2056 1049 quaedam
2088 964 2211 1027 sint
2239 964 2307 1026 in
2329 964 2472 1027 Hel-

528 1072 729 1149 vetia,
771 1075 937 1157 ‘quae
989 1094 1026 1135 a
1073 1093 1178 1136 me
1224 1071 1541 1156 proficisci
1584 1081 1846 1157 possunt
1877 1071 2084 1137 officia
2111 1122 2129 1152 ‚
2189 1072 2379 1137 velim
2405 1082 2474 1137 nt

401 1225 406 1234 -
524 1180 842 1252 liberrime
870 1202 1019 1245 mea
1043 1181 1238 1245 utaris
1270 1201 1485 1267 opera.
1542 1253 1553 1258 ,

569 1273 572 1278 ⁴
609 1293 764 1380 Legi
790 1343 807 1370 ‚
855 1302 917 1356 et
962 1287 1108 1356 cum
1149 1314 1376 1376 magno
1428 1294 1639 1357 fructu
1679 1302 1740 1356 et
1785 1294 2139 1377 voluptate,
2197 1313 2358 1378 quae
2384 1290 2467 1357 ab

519 1401 730 1487 aliquo
766 1409 1046 1486 tempore
1089 1401 1153 1463 in
1186 1383 1641 1468 incrementum
1668 1402 1761 1465 rei
1786 1400 2113 1492 medicae,
2160 1400 2468 1486 imprimis

517 1534 683 1579 vero.
722 1511 1066 1576 Herbariae
1114 1533 1152 1575 a
1192 1513 1277 1575 Te
1319 1512 1446 1575 luci
1471 1510 1760 1596 publicae
1786 1520 1930 1574 sunt
1953 1510 2232 1596 exposita
2259 1520 2321 1575 et
2350 1509 2464 1575 ad·
2557 1551 2565 1558 ·

516 1624 776 1687 miratus
825 1642 965 1686 sum
981 1630 1165 1694 tuam
1199 1622 1267 1690 iu
1299 1630 1469 1686 tanta
1489 1621 1888 1708 negotiorum
1919 1624 2084 1686 mole
2117 1620 2463 1687 eruditissi-

517 1753 689 1807 mam
722 1753 1002 1817 operam.
1227 1723 1236 1734 “
1797 1741 1801 1750 “
2512 1727 2522 1735 ’

611 1841 789 1923 Quae
828 1864 968 1906 mea
987 1840 1236 1924 negotia
1258 1840 1423 1919 sint,
1475 1849 1539 1906 et
1567 1840 1676 1927 qui
1701 1838 1961 1906 conatus
1988 1891 2006 1922 ,
2022 1899 2025 1904 .
2044 1840 2114 1907 id
2141 1842 2463 1906 uberrime

515 1950 652 2038 Tibi
697 1972 910 2015 coram
954 1949 1237 2035 exposuit
1265 1971 1442 2014 meus
1475 1951 1827 2015 Schinzius.
1893 1949 2125 2038 Aliqua
2153 1953 2341 2017 etiam
2383 1973 2462 2015 ex

512 2062 847 2148 specimine
892 2060 1253 2125 tabularum
1300 2070 1662 2126 nostrarum
1692 2062 2140 2127 Botanicarum
2163 2061 2460 2147 dijudica-

515 2194 585 2237 re
632 2173 912 2258 potuisti.
992 2170 1120 2236 Sed
1166 2194 1352 2237 nemo
1407 2174 1493 2236 Te
1545 2175 1767 2237 melius
1802 2183 2088 2258 nostrum
2110 2175 2460 2239 institutum

514 2303 886 2369 promovere
928 2282 1157 2368 poterit
1203 2279 1724 2347 communicando
1777 2283 1877 2347 vel
1926 2283 2194 2346 rariores
2234 2283 2456 2368 stirpes

517 2394 712 2458 siccas
738 2394 837 2458 vel
863 2393 1099 2457 semina
1121 2402 1229 2457 aut
1250 2394 1528 2479 picturas
1554 2416 1574 2475 3
1621 2391 1688 2455 id
1702 2391 1895 2454 etiam
1920 2412 2038 2476 pro
2069 2392 2455 2457 humanitate

514 2513 578 2568 et
598 2502 1032 2570 benevolentia
1055 2512 1163 2568 tua
1187 2524 1224 2567 a
1250 2503 1334 2566 Te
1363 2511 1683 2587 peterem„
1736 2500 1789 2564 si
1813 2498 2002 2565 modo
2036 2499 2204 2587 apud
2232 2524 2334 2567 me
2357 2524 2457 2568 es-

515 2623 653 2679 sent
677 2663 694 2692 ‚
726 2613 965 2700 quibus
987 2624 1164 2702 grata
1191 2611 1456 2676 reddere
1486 2633 1734 2698 possem
1767 2610 1970 2676 officia
1998 2635 2015 2676 z
2066 2633 2224 2698 quae
2248 2614 2302 2676 si
2325 2613 2458 2678 for-

514 2732 577 2788 te
606 2725 848 2789 minora
879 2725 1001 2790 sint
1026 2774 1043 2804 ‚
1091 2744 1282 2810 quam
1312 2732 1383 2786 ut
1412 2722 1687 2808 aliquam
1724 2720 1894 2807 apud
1921 2723 2007 2786 Te
2037 2724 2298 2808 gratiam
2328 2743 2454 2788 me·

513 2845 767 2901 reantur
789 2885 806 2915 ,
843 2816 1034 2900 animi
1064 2844 1271 2900 tamen
1301 2833 1680 2922 gratitudine
1711 2831 1934 2898 cedam
1963 2833 2222 2897 nemini.

600 2943 929 3009 Caeterum
975 2966 1121 3010 cum
1156 2942 1611 3009 eruditissimus
1654 2953 1716 3007 et
1765 2943 2318 3007 excellentissimus
2365 2942 2448 3007 D.

508 3055 865 3139 Ramspeck
894 3052 1061 3118 Med.
1091 3055 1206 3119 Dr.
1241 3063 1304 3118 et
1324 3054 1502 3118 Prof.
1527 3053 1885 3117 Basiliensis
1901 3102 1919 3131 ,
1970 3052 2035 3115 in
2071 3073 2142 3115 re
2163 3050 2456 3116 herbaria

508 3171 570 3227 et
613 3164 960 3228 anatomioa
1004 3162 1459 3228 versatissimus
1481 3212 1497 3241 ‚
1551 3164 1678 3225 Iter
1704 3162 2050 3226 literarium
2072 3162 2139 3225 in
2165 3162 2456 3250 Belgium

507 3271 911 3337 meditaretur
934 3321 952 3351 ,
1000 3271 1172 3335 nolui
1203 3269 1548 3336 concedere
1572 3320 1588 3349 ,
1636 3280 1708 3334 ut
1737 3271 1975 3357 absque
2003 3271 2196 3335 literis
2221 3272 2452 3337 nostris

507 3384 593 3448 Te
620 3381 823 3449 adiret
849 3433 866 3462 ‚
918 3382 1148 3468 partim
1182 3391 1254 3445 ut
1290 3381 1812 3471 liberiori-animo
1836 3384 1922 3447 Te
1944 3382 2279 3461 inviseret,
2315 3375 2465 3469 par·⁴

506 3492 620 3558 tim
664 3501 735 3556 ut
774 3492 1142 3575 intelligeret
1182 3500 1356 3555 tuam
1401 3491 1468 3554 in
1520 3512 1621 3554 me
1662 3491 2159 3557 benevolentiam
2199 3512 2446 3577 semper

505 3605 695 3670 fuisse
742 3605 1103 3669 maximam.
1175 3604 1339 3668 Eum
1383 3604 1594 3690 itaque
1645 3605 1846 3671 celeb.
1901 3605 2116 3672 virum
2141 3652 2159 3678 ,
2209 3602 2445 3669 meritis

504 3717 630 3780 suis
660 3698 992 3802 praeclaris
1024 3726 1131 3782 tuo
1157 3715 1371 3782 favore
1401 3725 1466 3781 et
1495 3737 1708 3783 amore
1738 3715 2168 3804 dignissimum
2187 3767 2204 3797 ,
2247 3714 2436 3780 etiam

502 3824 688 3912 atq‘ue
720 3828 904 3891 etiam
935 3824 1333 3892 commendo.
1383 3827 1565 3894 Vale.

590 3936 799 4021 Tiguri
831 3935 899 4002 d.
931 3937 1166 4003 27Ju1.
1205 3939 1401 4005 1755.
