2952 5080
530 556 584 596 J.
616 553 945 602 nunmnno
1445 535 1531 597 12
2136 554 2460 603 unumne:

526 783 668 826 rum
693 812 710 841 ‚
754 764 943 829 uniea‘
962 771 1280 849 praeterea
1325 757 1628 847 Lugdini3
1684 761 1864 826 labor
1902 762 2242 826 immensus
2282 774 2346 829 et
2371 766 2467 830 in-‘

490 916 495 922 -
524 875 856 940 exhaustus
896 895 1040 939 oum
1079 875 1278 939 Horto
1328 881 1392 936 et
1430 873 1698 937 alterum
1733 894 1892 959 opus
1910 922 1926 952 ,
1983 871 2158 959 quod
2185 875 2468 959 proxime

521 984 830 1071 prodibit3
877 994 940 1048 et
958 984 1305 1072 figurarum
1328 1004 1403 1048 ao
1431 981 1922 1068 descriptionum
1944 981 2343 1067 quotidianus
2372 986 2467 1049 la-

522 1093 663 1158 bor.
712 1095 846 1159 Hae
865 1095 1070 1159 fecere
1096 1092 1268 1181 quod
1290 1113 1661 1178 responsum
1692 1091 1843 1156 dare
1875 1093 2092 1157 amieis
2116 1143 2132 1171 ‚
2181 1102 2254 1157 ut
2276 1091 2466 1159 debu-

523 1225 695 1269 eram
718 1202 961 1269 dudum
974 1255 991 1283 ‚
1032 1226 1158 1270 non
1182 1205 1527 1291 potuerim3
1559 1204 1808 1267 interim
1826 1253 1843 1282 ‚
1900 1205 1951 1267 si
2000 1204 2154 1270 velis
2176 1254 2192 1282 ‚
2228 1202 2311 1268 da
2349 1205 2466 1267 mi-

519 1312 587 1375 hi
615 1333 984 1398 responsum
1024 1312 1106 1378 ad
1150 1310 1495 1398 sequentia.
1547 1374 1550 1375 ⁷
1580 1312 1883 1375 Dominus
1930 1311 2218 1381 Hallerus
2240 1360 2256 1390 ,
2299 1309 2470 1397 apud

519 1441 708 1506 quem
736 1420 1252 1487 'commendabam
1282 1423 1413 1486 Tua
1426 1471 1443 1500 ‚
1474 1418 1808 1485 desiderat
1836 1429 2016 1486 tuum
2055 1440 2214 1507 opus
2234 1470 2251 1499 ‚
2300 1419 2468 1485 ideo-

518 1553 641 1618 que
687 1534 739 1596 si
781 1535 972 1599 velles
1012 1522 1390 1620 persuadere
1435 1531 1758 1597 Editorem
1805 1533 2010 1597 Tuum
2047 1533 2291 1596 mittere
2318 1530 2469 1596 'duo

516 1643 894 1728 exemplaria
919 1644 1304 1730 Gottingam3
1352 1663 1494 1706 sum
1525 1652 1733 1707 certus
1763 1639 1936 1728 quod
1981 1641 2297 1705 Gesnerus
2321 1642 2462 1705 alte·

516 1772 662 1815 rum
701 1763 868 1818 emat
903 1764 965 1818 et
994 1753 1075 1819 D.
1109 1755 1397 1819 Hallerus
1431 1763 1603 1818 certo
1627 1753 1857 1818 certius
1892 1754 2181 1818 alterum.
2242 1751 2462 1815 Simili·

516 1872 614 1927 ter
657 1866 891 1950 petiere
920 1888 959 1930 a
988 1888 1090 1931 me
1119 1866 1349 1945 Russi,‚
1376 1875 1471 1930 ,ut
1499 1867 1794 1953 loquerer
1816 1886 1965 1931 oum
1993 1865 2208 1950 aliquo
2234 1863 2463 1927 Biblio·
2492 1916 2498 1922 .

515 1974 691 2059 pola,
744 1976 852 2062 qui
901 1978 1089 2043 vellet
1132 1977 1492 2063 Petropolin
1531 1977 1778 2041 mittere
1815 1977 2054 2064 aliquot
2085 1973 2468 2060 exemplaria
2529 2063 2535 2068 ·

518 2082 814 2148 Thesauri
858 2086 949 2150 tui
979 2096 1041 2151 et
1069 2108 1353 2152 meorum
1378 2087 1829 2173 opusculorum
1846 2112 1865 2172 3
1922 2088 2025 2152 vel
2056 2086 2108 2149 si
2141 2086 2282 2170 quis
2305 2092 2468 2147 esset

519 2193 628 2279 qui
670 2191 1007 2260 divendere
1053 2197 1122 2261 in
1143 2219 1210 2262 se
1236 2199 1579 2283 susciperet
1602 2217 1794 2284 opera
1820 2195 2240 2283 Siegesbeokii
2264 2242 2282 2271 ,
2332 2203 2467 2256 tum

519 2301 623 2366 ille
664 2305 733 2367 in
754 2324 821 2368 se
846 2308 1188 2391 susciperet
1217 2307 1556 2374 divendere
1589 2310 1745 2374 Tua.
1814 2308 1950 2393 Ego
1978 2325 2181 2390 neque
2205 2324 2465 2389 respon—

523 2434 664 2478 sum
693 2408 1042 2502 dare'potui
1068 2404 1422 2499 Ammanno
1439 2470 1456 2499 ‚
1493 2402 1698 2506 neque
1724 2413 2184 2503 Siegesbeckio.

612 2525 837 2592 Valeas
855 2578 871 2605 ‚
904 2526 1138 2595 faveas·
1187 2531 1480 2598 Proxime
1507 2527 1771 2597 habebis
1797 2525 2090 2593 Critieam
2111 2545 2319 2616 meam
2345 2525 2462 2588 Bo-

523 2637 823 2717 tanioam,
850 2637 961 2704 ubi
984 2642 1291 2707 rationem
1321 2640 1505 2708 reddi
1527 2640 1855 2705 nominum
1878 2638 1946 2702 in
1974 2636 2311 2703 Botaniois.

1100 2751 1202 2818 die
1228 2756 1466 2818 Lunae.
1517 2747 1663 2834 Maji
1690 2750 1885 2817 1737.

613 2987 668 3047 7.
1184 2971 1191 2977 ’
1243 2921 1429 3026 νῑιᾲ
1462 2961 1746 3050 Ιιιιιρηῑ

1017 3088 1091 3141 o.
1116 3087 1190 3140 o.
1214 3084 1490 3143 JOANNI
1513 3080 1935 3141 BURMANNO
1949 3114 1971 3152 ‚

952 3187 1286 3262 Profiewri
1315 3186 1628 3246 Botanicee
1666 3183 2041 3243 celeberrimo
2367 3231 2374 3238 Α

659 3283 927 3344 Prae-tiro
953 3284 1112 3361 apud
1137 3282 1725 3343 Amstelaodamenm
1750 3280 1815 3341 E
1814 3285 2181 3359 aperti-'eima
2206 3287 2314 3337 ete.
2369 3365 2374 3368 -

1330 3392 1398 3456 S.
1434 3392 1534 3456 Pl.
1565 3391 1662 3455 D.·

1109 3515 1441 3574 GAROLUS
1475 3513 1877 3574 LINNAEUS.

529 3621 806 3724 Mensis·
846 3657 984 3743 jam
1018 3658 1158 3745 jam
1217 3657 1694 3746 praeterlabitur
1742 3677 1780 3720 a
1825 3654 2025 3741 prima
2091 3654 2247 3715 hora
2265 3699 2281 3729 ,
2343 3649 2468 3735 qua

535 3766 945 3834 desideratam
991 3771 1254 3854 patriam
1317 3768 1513 3855 attigi.
1594 3768 1716 3832 Per
1765 3766 2000 3852 aliquot
2041 3757 2466 3824 hebdomadas

536 3899 682 3943 eum
725 3880 921 3944 amica
964 3900 1063 3943 me
1096 3882 1370 3947 recreavi
1388 3932 1404 3958 ‚
1452 3891 1655 3965 nuper
1699 3900 1847 3944 vero
1896 3876 2102 3941 salvus
2150 3871 2470 3952 Stoekhol-

537 3989 740 4063 miam*
755 3988 1007 4073 perveni
1021 4036 1031 4050 .
