2952 5080
567 532 849 579 muno
1085 513 1092 521 ‘
1471 510 1601 575 154
2029 533 2083 576 ι.
2116 531 2508 582 nummus.

556 743 764 828 cipere
799 740 956 806 velis
982 787 1002 818 ,
1047 755 1239 825 quam
1266 757 1388 826 ego
1426 734 1686 803 cordato
1718 738 1928 803 animo
1962 737 2073 824 tibi
2105 723 2338 829 tuoque
2356 744 2509 810 ,usui

444 857 450 870 “
554 875 664 919 eos
711 852 932 918 obiero
949 901 969 932 ‚
1013 872 1089 917 ea
1118 872 1272 918 vero
1300 851 1442 937 lege
1463 898 1484 929 ,
1529 858 1604 913 ut
1632 850 1687 916 si
1715 848 1799 915 ad
1832 850 2058 937 Operis
2082 853 2173 920 tui
2204 851 2395 921 decus
2417 857 2511 924 fu.

551 963 675 1029 eris
703 964 779 1029 iis
815 984 966 1030 usus
984 1013 1003 1042 ‚
1047 982 1263 1027 omnes
1295 960 1452 1026 mihi
1484 961 1918 1026 immaculatos
1940 970 2005 1024 et
2032 962 2307 1050 integros
2332 986 2507 1032 sanc·

553 1084 615 1141 ise
643 1073 944 1140 remittas.
1912 1063 1917 1070 ’

640 1169 855 1251 Primo
885 1185 1096 1269 itaque
1123 1179 1404 1247 invenies
1433 1180 1526 1245 25
1552 1178 1872 1247 distinctas
1904 1181 2117 1248 icones
2148 1182 2231 1248 ad
2261 1185 2505 1270 plantas

550 1298 727 1365 viras
767 1299 835 1363 iu
867 1295 1259 1362 membranis
1302 1291 1641 1359 delineam
1665 1342 1684 1373 ‚
1728 1315 1898 1381 ‚quae
1924 1295 2107 1360 Horti
2136 1299 2334 1363 nostri
2354 1296 2506 1366 Am-

551 1406 1058 1474 stelaedamensis
1083 1402 1408 1492 quondam
1433 1406 1570 1470 sine
1601 1402 1796 1469 dubio
1815 1404 2004 1472 fuere
2026 1406 2298 1488 incolae,
2334 1408 2509 1496 quod
2558 1413 2561 1414 *

546 1529 950 1585 autemeam
998 1528 1246 1605 tempus
1276 1514 1466 1604 jussu
1486 1526 1558 1583 et
1586 1517 1894 1584 sumtibus
1922 1518 2276 1604 primorum
2301 1517 2510 1586 candi·

548 1629 776 1695 dorum
797 1639 863 1694 et
880 1629 1237 1695 liberalium
1263 1628 1650 1696 carator-um
1676 1630 1857 1704 fuere
1888 1627 2172 1715 depictae
2195 1680 2213 1709 ,
2247 1628 2332 1694 ad
2349 1651 2507 1716 quas

545 1750 757 1807 tamen
780 1790 799 1820 ,
828 1738 1003 1828 quod
1030 1737 1215 1807 doleo
1234 1789 1251 1819 ‚
1283 1741 1465 1806 nulla
1490 1742 1749 1806 nemina
1763 1791 1781 1820 ,
1817 1741 2021 1808 nullas
2050 1738 2508 1826 descriptionee

546 1843 1103 1937 adnotafinnesque
1146 1849 1358 1916 inveni
1374 1899 1395 1929 ‚
1441 1872 1654 1936 neque
1705 1860 1954 1935 tempus
1995 1850 2328 1936 hucusque
2353 1851 2507 1916 mihi

507 2047 514 2054 ·
543 1963 666 2028 fuit
698 1963 838 2028 illas
857 1964 1253 2050 'investigare
1279 2011 1298 2042 ‚
1359 1983 1561 2049 quum
1605 1983 1645 2027 a
1680 1963 1898 2048 paucis
1924 1962 2157 2049 elapsis
2187 1963 2506 2028 mensibus

545 2093 651 2138 eas
699 2071 892 2138 modo
939 2072 1297 2159 acceperim
1342 2060 1432 2138 ac·
1460 2072 1568 2139 vix
1597 2070 1968 2137 viderimet
1999 2093 2199 2158 quum
2221 2072 2507 2158 plurimis

544 2186 679 2252 aliis
721 2185 1002 2273 quotidie
1050 2184 1385 2252 distraoms
1427 2185 1711 2264 ²fuerim,
1771 2186 1865 2251 uti
1893 2184 2077 2251 facile
2110 2183 2504 2251 concludere

541 2297 1613 2385 puteris700011pationibm.1‘u
1623 2298 1878 2384 itaque,
1922 2296 2042 2382 qui
2080 2296 2152 2361 in
2174 2296 2298 2362 hec
2325 2297 2505 2382 plan·

541 2418 751 2488 tarum
789 2431 1022 2498 genere
1042 2407 1182 2496 jam
1207 2429 1290 2476 es
1302 2408 1610 2504 edoctum
1656 2408 1843 2474 facile
1878 2428 1987 2473 eas
2017 2404 2403 2553 distinguere
2434 2419 2503 2475 et

543 2508 949 2588 denominare
976 2511 1236 2609 poteris.

621 2621 925 2700 Secundo
977 2645 1245 2722 quatuor
1282 2633 1514 2701 adsunt
1563 2629 1930 2698 Orchidmn
1967 2584 2343 2718 Capensium
2379 2635 2499 2700 ico-

543 2763 701 2823 nes,
749 2765 912 2831 quae
948 2747 1015 2810 in
1047 2746 1185 2831 ipso
1219 2745 1435 2831 Capite
1461 2744 1680 2808 Bonae
1706 2743 1838 2830 spei
1863 2740 1946 2807 ad
1974 2742 2193 2808 vivum
2223 2753 2368 2808 sunt
2392 2741 2498 2808 de-

541 2853 744 2939 pictae
771 2904 788 2934 ‚
837 2877 1119 2943 quasque
1166 2879 1245 2922 ex
1290 2856 1441 2942 ipsis
1473 2851 1854 2921 Codicibus
1823 2875 1963 2939 Jam
1966 2855 2324 2939 compactis
2350 2852 2497 2918 dila-

544 2983 760 3028 cerare
784 2975 1036 3031 coactus
1058 2966 1192 3046 fui,
1221 2976 1293 3031 ut
1315 2967 1428 3030 tihi
1451 2965 1756 3030 inservire
1779 2984 2054 3049 possem.
2104 2965 2349 3029 Harum
2372 2973 2497 3028 tres

541 3072 799 3160 insuper
850 3073 1107 3155 addidi,
1157 3092 1315 3163 quas
1344 3074 1486 3161 jam
1524 3076 1592 3138 in
1637 3094 1742 3138 aes
1776 3073 2046 3159 insculpi
2085 3094 2491 3151 curaveram,

543 3183 850 3266 TabulaS,
903 3197 975 3251 ut
1017 3189 1296 3274 ipsarum
1324 3186 1611 3251 formas
1591 3186 1900 3272 mspicere
1933 3198 2181 3271 posses,
2240 3195 2304 3250 et
2335 3206 2496 3251 ccm-

539 3318 892 3364 memorare
929 3320 1035 3364 eas
1064 3300 1319 3375 valeas,
1359 3316 1516 3363 nam
1538 3298 1669 3363 has
1677 3298 1782 3362 alii
1807 3295 2114 3363 destinavi
2143 3297 2335 3383 Operi
2357 3319 2496 3384 pro·
2603 3326 2611 3343 ·

540 3408 792 3495 pediem
821 3410 977 3476 mihi
1001 3409 1275 3475 edendo

632 3522 839 3587 Tertio
875 3522 1155 3588 invenies
1198 3521 1419 3587 decem
1458 3522 1654 3587 siccas
1692 3518 2058 3587 Orchi'des
2038 3542 2105 3611 m
2127 3521 2329 3606 patrio
2361 3520 2494 3583 solo

544 3631 759 3719 Capite
781 3633 996 3697 Bonae
1025 3633 1160 3719 spei
1184 3634 1374 3698 lectas
1401 3680 1418 3712 ‚
1447 3630 1707 3697 chartae
1737 3629 2187 3720 adglutinatam
2220 3628 2337 3695 sed
2362 3627 2492 3713 qui-

416 3740 423 3747 ’
511 3728 664 3805 xbus
703 3739 877 3828 justa
923 3741 1209 3808 nondum
1240 3740 1701 3829 adscripseram
1738 3742 1994 3808 nomina
2018 3791 2035 3821 ,
2090 3758 2287 3824 quum
2307 3737 2495 3825 plui·

545 3872 679 3916 mas
709 3852 1019 3939 Capenses
1037 3854 1115 3917 ‘in
1145 3852 1281 3919 dies
1309 3864 1739 3942 exspectarem
1761 3855 2007 3940 plantas
2030 3901 2046 3931 ‚
2062 3848 2386 3936 'brevique
2409 3849 2496 3936 ip-

545 3982 687 4026 sum
743 3963 1121 4029 Oldenlandi
1168 3964 1566 4044 herbarium,
1620 3964 1703 4030 ab
1752 3986 1831 4029 ee
1875 3965 2011 4048 ipso
2044 3961 2145 4027 *ibi
2164 3959 2496 4048 quondam

545 4074 898 4140 collectum.
