2952 5080
442 555 508 599 ιτ.
539 557 602 599 ι.
631 553 961 598 scamno
1342 535 1475 600 217
1971 588 1976 597 .
2075 588 2082 599 ,
2121 550 2371 599 rums.

443 759 731 833 assiduus
755 810 772 838 ,
806 769 949 847 post
970 760 1143 826 varia
1159 758 1499 824 tentamina
1522 758 1793 824 infelicia
1808 806 1826 834 ,
1861 759 1984 823 hoe
2001 757 2253 824 tandem
2278 780 2383 824 an·

384 943 394 951 2
426 892 526 937 ,no
548 871 815 937 feliciter
837 893 953 958 per
976 870 1319 935 Caucaseas
1341 880 1557 957 gentes
1575 870 1641 934 in
1661 869 1990 954 Georgiam
2010 870 2378 955 penetravit.

444 982 696 1049 Utinam
723 990 786 1044 et
815 978 1028 1044 redeat
1055 980 1239 1044 felix!

900 1124 1939 1161 Μ

418 1246 429 1251 “
530 1260 620 1298 10.
1167 1237 1648 1299 Celeberrimo

1029 1374 1357 1432 NlcoLAo
1379 1376 1799 1433 BURMANNO

872 1456 877 1461 ο
903 1482 1109 1542 Amico
1135 1492 1483 1542 suavissimo
1506 1483 1633 1543 Sal.
1649 1487 1743 1564 pl.
1774 1494 1934 1564 optat

1174 1611 1242 1664 Ρ.
1268 1611 1331 1666 S.
1358 1611 1662 1667 PALLAS.

448 1722 650 1824 Licet
693 1756 777 1822 ad
827 1759 999 1824 hunc
1035 1779 1240 1844 usque
1294 1758 1465 1823 diem
1502 1758 1587 1823 ad
1616 1760 1806 1823 missa
1831 1758 1942 1824 tibi
1969 1760 2391 1845 praeterlapso

450 1890 616 1933 anno
637 1868 895 1932 Octobri
921 1870 1156 1934 semina
1175 1870 1436 1934 Sihirica
1450 1920 1466 1947 ‚
1500 1880 1570 1951 et
1580 1868 1662 1933 ad
1685 1871 1889 1935 varias
1910 1871 2099 1955 paulo
2116 1880 2258 1955 post
2280 1868 2392 1933 du·

376 2004 385 2013 ·
448 1988 625 2043 rante
650 1970 885 2043 'tamen
935 1980 1157 2065 hyeme
1184 1978 1387 2049 ,datas
1430 1982 1719 2066 epistolas
1761 1981 2005 2045 nullum
2036 1979 2245 2045 adhue
2291 2000 2392 2044 re-

446 2080 746 2175 sponsum
786 2090 1052 2156 viderim
1080 2117 1098 2176 ;
1134 2114 1330 2179 pergo
1368 2102 1579 2157 tamen
1606 2094 1670 2156 in
1703 2090 2035 2157 scribendo
2066 2141 2084 2169 ‚
2138 2088 2392 2176 quando

444 2200 728 2285 hyemale
771 2201 968 2264 otium
1014 2201 1277 2286 incepit,
1313 2223 1631 2288 pergoque
1653 2202 1719 2265 in
1733 2199 2057 2291 „mittendis
2083 2197 2390 2263 dormien-

445 2309 610 2373 tibus
646 2311 867 2375 Florae
899 2311 1196 2403 Sibiricae
1226 2312 1673 2397 embryonihus
1705 2361 1721 2390 ,
1782 2312 1889 2397 qui
1920 2320 1989 2374 ut
2010 2308 2181 2396 apud
2203 2318 2273 2372 ⁴te
2298 2329 2390 2375 rc·

443 2420 747 2484 viviscant
792 2429 855 2484 et
896 2422 1165 2511 Dauriae
1209 2421 1444 2486 arduae
1487 2422 1942 2507 pulcherrimas
1992 2421 2234 2506 plantas
2261 2417 2393 2481 „tihi

446 2528 664 2613 sistant
682 2530 760 2592 ,in
798 2530 1017 2610 horto,
1057 2532 1466 2619 etiam'atque
1498 2534 1683 2598 etiam
1725 2542 1897 2619 opto.
1957 2529 2101 2598 Vidi
2139 2530 2393 2616 pulcros

444 2639 711 2705 Dauriae
760 2639 1041 2705 desertae
1082 2665 1334 2728 campos
1361 2693 1378 2721 ‚
1435 2644 1853 2730 horridusque
1884 2652 1948 2707 et
1971 2652 2222 2707 aeterna
2252 2641 2395 2706 nive

444 2761 643 2817 tectos
686 2762 977 2836 montes3
1032 2754 1154 2839 legi
1202 2752 1446 2818 divitias
1493 2775 1649 2838 quas
1679 2756 1912 2835 Natura
1942 2755 2010 2816 in
2037 2753 2395 2839 longinquis

449 2845 721 2927 Orientis
746 2864 872 2927 oris
900 2863 1230 2949 dispersit,
1262 2875 1325 2928 et
1342 2874 1509 2929 certe
1527 2864 1814 2950 pluribus
1836 2914 1853 2942 ‚
1869 2865 2047 2928 ,intra
2071 2873 2197 2955 tres
2219 2883 2395 2926 men-

448 2995 546 3038 ses
567 3024 583 3051 ‚
618 2975 885 3040 inventis
918 2977 1273 3061 Zoologiam
1302 2975 1450 3040 inde
1483 2977 1656 3055 auxi,
1694 2997 1883 3062 quam
1900 2974 2215 3061 prioribus
2242 2995 2397 3060 qua-

446 3094 591 3152 tuor
642 3086 933 3152 itinerum
974 3088 1151 3151 annis
1180 3087 1380 3174 arduo
1403 3097 1466 3152 et
1490 3089 1707 3174 iniquo
1736 3088 1953 3152 labore
1979 3107 2389 3153 corraseram.

445 3199 672 3266 Laetus
701 3220 872 3264 nunc
896 3210 958 3264 et
988 3202 1303 3266 satisfacto
1335 3201 1543 3265 animo
1575 3200 1657 3265 ad
1686 3200 1955 3264 reditum
1985 3202 2052 3263 in
2076 3200 2395 3283 Europam

444 3330 545 3373 me
576 3311 900 3398 ·accingo;
973 3313 1126 3397 quin
1165 3309 1302 3397 jam
1363 3313 1528 3376 ultra
1573 3320 1850 3376 trecenta
1896 3310 2202 3375 milliaria
2226 3317 2394 3373 retro

442 3416 731 3486 emensus
764 3444 906 3486 sum
937 3422 1018 3487 ad
1044 3425 1210 3488 hanc
1240 3445 1442 3510 usque
1481 3424 1709 3489 urbem
1733 3474 1749 3502 ,
1797 3431 1860 3486 ct
1885 3422 2151 3507 hyemali
2183 3418 2394 3486 adhuc

443 3534 544 3598 via
575 3555 700 3598 non
733 3536 930 3599 multo
961 3537 1168 3600 minus
1202 3537 1444 3601 emetiri
1486 3536 1694 3622 cupio.
1748 3532 1873 3616 Sed
1903 3534 2127 3599 retinet
2156 3554 2256 3597 me
2288 3531 2392 3598 ad-

441 3647 579 3711 huc,
605 3669 721 3733 per
752 3656 1046 3713 aestatem
1076 3650 1327 3713 unicam
1353 3649 1641 3713 australis
1676 3647 1905 3711 Russia
1924 3651 1970 3722 ‚'
1999 3646 2103 3710 cui
2132 3646 2200 3708 in
2228 3653 2390 3709 tran·

451 3758 574 3822 situ
634 3759 759 3823 hoo
820 3768 1066 3844 tempus
1104 3758 1316 3823 adhuc
1360 3756 1726 3844 impendere
1784 3765 2005 3842 sponte
2064 3756 2385 3839 constitui5

449 3866 735 3956 adeoque
774 3891 922 3936 vere
960 3861 1107 3936 a'nni
1163 3869 1335 3939 1774
1364 3870 1706 3935 certissime
1734 3919 1752 3947 ,
1808 3867 2152 3933 dummodo
2180 3869 2389 3934 salvus

452 3975 579 4040 sim·
598 4027 614 4056 ,
671 4003 708 4044 e
755 3982 1072 4068 Petropoli
1126 3991 1188 4046 te
1226 3980 1536 4047 salutabo.
1606 3980 2156 4048 Contentissimum
2186 4000 2264 4043 ex
2290 3979 2388 4044 his
