2952 5080
455 568 520 611 ιι.
550 570 612 613 ι.
639 562 971 614 suanno
1345 550 1472 616 193
1899 568 1906 575 ·
2009 580 2012 585 ·
2107 564 2369 620 rums.

531 880 585 941 3.
678 880 734 935 ’.
933 881 940 887 ’
1104 928 1114 942 ,
1176 878 1631 940 Clarissimo:
1688 904 1692 909 ’
1763 882 1794 887 ”

852 1067 857 1072 .
902 1050 905 1051 f
978 1017 1396 1075 ΒυιιΜΑΝΝο
1429 1018 1590 1076 1011.
1628 1003 1825 1078 Filio

958 1128 963 1135 ’
1256 1128 1324 1191 S.
1358 1127 1440 1191 D.
1471 1129 1547 1194 P.
1625 1152 1656 1159 ·’
1715 1145 1742 1157 ··
1807 1134 1810 1143 “

1033 1258 1323 1316 PETRUS
1356 1248 1419 1316 s'.
1453 1260 1757 1317 PALLAs.
1821 1214 1828 1217 ⁷

437 1398 620 1499 Post
650 1435 938 1500 ultimum
963 1445 1171 1513 tecum
1200 1446 1263 1501 et
1291 1458 1437 1502 cum
1463 1436 1820 1502 venerando
1849 1446 1972 1509 tuo
1992 1449 2170 1524 patre
2193 1439 2360 1505 hahi-

434 1553 568 1609 tum
621 1546 1001 1631 colloquium
1028 1595 1044 1624 ‚
1104 1555 1344 1611 tantum
1406 1549 1701 1631 temporis
1756 1544 1872 1612 fuit
1916 1545 2246 1612 terendum
2294 1549 2360 1611 in

431 1654 839 1739 transigendis
881 1677 1041 1741 quac
1071 1657 1284 1742 Hagae
1315 1665 1493 1719 erant
1526 1655 1765 1743 agenda
1785 1707 1802 1736 ,
1859 1659 2051 1743 inque
2075 1658 2363 1744 colligen-

430 1761 529 1828 dis
574 1765 828 1829 sarcinis
853 1815 870 1844 ,
926 1775 998 1830 ut
1033 1768 1139 1831 vix
1174 1766 1552 1851 superfuerit
1582 1765 1713 1830 dies
1745 1765 1827 1831 ad
1855 1765 2357 1834 Amstelaedamo

429 1874 904 1941 valedicendum
932 1902 950 1961 3
999 1879 1146 1942 anni
1175 1887 1454 1963 tempore
1484 1887 1547 1941 et
1576 1879 1861 1965 privigno
1885 1880 2187 1966 imprimis
2217 1902 2360 1946 meo

430 1982 512 2049 ad
539 1984 959 2049 festinandum
994 1987 1119 2048 iter
1159 1986 1647 2071 quammaxime
1676 1985 2103 2053 suadentibus.
2174 1989 2360 2069 Quae

425 2114 581 2159 vero.
614 2095 772 2158 mihi
812 2095 1028 2159 ultima
1071 2092 1554 2159 Amstelaedami
1594 2096 1712 2159 fuit
1748 2096 2104 2159 tristissima«
2145 2107 2208 2160 et
2231 2118 2360 2162 non

423 2203 677 2290 integra*
703 2202 874 2293 dies?
934 2203 1018 2267 ita
1049 2195 1374 2290 negotiosa
1411 2203 1528 2267 fuit
1561 2213 1623 2268 et
1648 2202 2113 2268 conscribendis
2139 2206 2359 2270 litteris

423 2322 486 2376 et
512 2311 921 2398 expediundis
953 2311 1033 2376 ad
1063 2333 1288 2378 navem
1320 2314 1680 2378 onerariam.
1694 2313 1891 2378 ‚rebus
1920 2335 2094 2400 quae‘
2109 2336 2358 2380 mecum

422 2421 621 2487 rheda
662 2422 911 2486 auferre
950 2443 1076 2505 uon
1117 2432 1399 2508 poteram
1429 2472 1445 2499 ‚
1501 2432 1573 2486 ut
1612 2423 1717 2488 vix
1744 2445 2003 2508 vespere
2036 2424 2357 2488 Schlosse-

422 2554 566 2596 rum
590 2540 874 2595 nostrum
897 2529 1169 2597 adeundi
1195 2533 1569 2620 superfuerit
1594 2544 1861 2620 tempus.
1926 2534 1992 2599 Si
2021 2535 2177 2599 haec
2202 2556 2358 2620 pon-

350 2660 362 2676 1‘
423 2639 736 2710 deraveris
755 2692 772 2720 ‚
822 2642 1176 2727 cogitesque
1209 2665 1399 2728 quam
1424 2645 1640 2729 iniquo
1672 2654 1733 2708 et
1759 2644 2012 2710 turbido
2043 2655 2194 2711 tunc
2222 2668 2358 2710 esse

421 2752 748 2820 debuerim
796 2751 1004 2815 animo
1033 2800 1050 2827 ‚
1120 2752 1228 2835 qui
1282 2762 1452 2816 tanta
1501 2774 1609 2838 spe
1647 2752 2003 2818 excideram
2031 2804 2048 2833 ‚
2107 2757 2355 2822 veniam

419 2861 588 2945 apud
616 2871 678 2925 te
710 2870 772 2924 et
800 2861 1104 2945 optimum
1124 2868 1368 2944 patrem
1385 2882 1487 2924 me
1506 2865 1982 2945 impetraturum
2001 2879 2184 2948 spero
2204 2914 2221 2941 ,
2251 2887 2353 2929 ne·

416 2970 648 3054 glectae
683 2968 1071 3036 valedicendi
1103 2971 1490 3040 ceremoniae
1518 2994 1537 3053 3
1600 2991 1725 3057 qua
1743 2969 2022 3056 ‘quidem
2051 2972 2116 3035 in
2147 2995 2215 3036 re
2240 2996 2350 3039 ne-

420 3102 541 3168 que
593 3081 1001 3167 negligentiae
1045 3102 1249 3167 neque
1289 3081 1748 3168 ingratitudinis
1800 3104 1982 3146 reum
2029 3105 2130 3148 me
2157 3086 2350 3150 fuisse

418 3191 544 3255 scio
567 3240 584 3267 ‚
633 3189 743 3254 sed
768 3189 1015 3257 defectu
1038 3193 1332 3276 temporis
1360 3191 1753 3277 impeditum.
1804 3194 2022 3278 Itaque
2052 3192 2117 3260 id
2149 3215 2346 3258 unum

416 3303 594 3368 enixe
624 3325 662 3374 a
692 3311 752 3367 te
775 3312 918 3388 peto
938 3353 955 3380 ‚
1013 3324 1092 3367 ne
1140 3305 1301 3367 male
1353 3304 1419 3366 in
1462 3304 1560 3367 his
1603 3302 1683 3367 de
1736 3324 1835 3366 me
1866 3303 2099 3387 cogites
2127 3351 2143 3378 ,
2203 3325 2347 3387 per-

414 3425 757 3499 suasusque
801 3414 883 3476 sis
924 3436 1025 3478 me
1062 3434 1308 3497 semper
1335 3414 1447 3476 tibi
1471 3414 1759 3498 patrique
1792 3409 2246 3477 deditissimum
2284 3424 2347 3479 et

415 3522 948 3590 obstrictissimu‘m
998 3546 1361 3590 mansurum
1390 3575 1409 3601 ,
1463 3507 1948 3609 promptumque
1992 3523 2074 3587 ad
2108 3528 2346 3609 quaeli-

413 3635 521 3699 bet
547 3635 686 3704 heic
707 3686 723 3711 ‚
768 3649 937 3722 'quae
965 3634 1144 3699 vobis
1175 3644 1353 3721 grata
1375 3634 1615 3700 scivero
1643 3684 1658 3709 ,
1697 3632 1896 3697 officia
1922 3634 2294 3718 praestanda
2319 3661 2339 3719 3

419 3753 481 3807 et
517 3747 668 3809 nihil
711 3745 1054 3831 exoptatius
1099 3743 1249 3807 mihi
1294 3764 1575 3830 unquam
1618 3743 1896 3806 futurum
1925 3792 1942 3819 ,
1997 3763 2187 3827 quam
2220 3766 2347 3808 cre-

418 3854 570 3919 brae
589 3908 604 3934 ,
647 3879 763 3943 pro
812 3859 1097 3922 comitate
1147 3877 1295 3942 erga
1346 3877 1448 3922 me
1483 3864 1729 3926 vestra,
1783 3864 2032 3940 gratum
2070 3858 2345 3922 animum

416 3967 783 4033 ostendendi
813 3969 1191 4034 occasiones.

1826 4080 1850 4138 l
1862 4078 1905 4138 3
