2952 5080
656 803 664 818 ‘
777 786 1410 878 EPISTULA
1453 785 2036 876 DILLENII.
2167 855 2177 864 .

665 1144 1100 1218 Clarissimo,
1152 1139 1584 1201 Doctissimo
1627 1152 1684 1199 et
1723 1140 2198 1203 Celeberrimo

1156 1279 1211 1341 ι.
1235 1249 1656 1334 mmmm«)
1682 1309 1705 1347 ‚
1754 1248 1761 1254 ’
1830 1249 1865 1294 ³

1150 1385 1272 1448 Sal.
1300 1398 1357 1446 et
1383 1384 1561 1445 officia
1589 1384 1728 1445 dicit

1136 1514 1195 1570 J.
1217 1515 1275 1570 J·
1299 1511 1724 1569 DILLENIUS.

462 1656 764 1756 Litterae
806 1699 949 1755 tuae
989 1688 1245 1758 ultimae
1262 1737 1301 1782 ²:
1334 1710 1483 1756 oum
1523 1679 1769 1762 duabus
1810 1689 2043 1754 ultimis
2072 1689 2409 1777 Phytogra-

463 1803 650 1889 phiae
702 1798 1034 1866 Africanae
1089 1799 1376 1886 partibus
1426 1808 1490 1863 et
1524 1783 1982 1865 conditionibus
2012 1799 2412 1884 imprimendi

463 1912 755 1976 Bethar-ii
804 1907 1281 1985 Amboinensis,
1305 1909 1451 1973 rite
1495 1907 1579 1972 ad
1618 1930 1719 1973 me
1750 1919 2194 1993 pervenerunt.
2272 1906 2416 1997 Ago

462 2024 696 2111 gratias
734 2043 851 2108 pro
895 2019 1393 2112 Phytngraphia·
1375 2068 1393 2102 ,
1442 2017 1617 2105 quod
1657 2041 1808 2085 vero
1835 2019 2217 2085 Herbarium
2259 2018 2418 2085 illud

465 2135 722 2212 attinet,
767 2131 1021 2196 miserat
1061 2131 1236 2194 istius
1269 2112 1694 2194 con'ditiones'
1664 2150 1803 2215 Jam
1830 2127 1914 2193 ad
1943 2150 2044 2195 me
2065 2129 2420 2216 Bibliopola

463 2256 672 2314 vester
706 2254 771 2310 et
791 2243 1283 2328 subscripseram
1297 2239 1494 2306 simul
1518 2263 1593 2307 ae
1614 2241 1852 2326 accepi.
1924 2265 1931 2266 ’
2172 2267 2181 2272 ·

551 2357 790 2423 Hortus
837 2353 1258 2419 Elthamensis
1304 2354 1554 2439 penitus
1603 2352 1956 2446 destructus
1983 2358 2135 2420 .est=
2186 2350 2421 2417 multae

464 2469 713 2555 plantae
730 2518 747 2549 ,
774 2476 1111 2556 postquam
1139 2465 1494 2539 floruerunt
1511 2515 1529 2546 ,
1565 2465 1805 2530 semina
1829 2485 1960 2529 non
1984 2437 2414 2552 'perfecerimt3

458 2599 541 2644 ex
582 2579 805 2645 annuis
845 2587 908 2643 et
949 2600 1028 2643 ex
1066 2578 1449 2663 perennibus
1481 2577 1796 2664 quaedam
1823 2577 2147 2664 perierunt
2163 2574 2301 2663 jam
2330 2596 2409 2643 eo

307 2748 322 2761 .
459 2698 740 2777 tempore
757 2710 904 2753 oum
923 2688 1196 2750 Hortum
1218 2686 1673 2765 describerem,
1701 2687 1853 2752 hine
1875 2689 2009 2774 ipse
2031 2687 2414 2752 Herbarium

457 2783 710 2867 illarum
755 2801 1117 2886 plantarum
1167 2786 1406 2862 siceum
1452 2798 1756 2898 perficere
1799 2818 1931 2861 non
1957 2799 2132 2883 potui
2169 2799 2416 2883 perfee-

460 2919 620 2975 tum.
667 2910 869 2996 Igitur
892 2928 971 2971 ex
991 2904 1242 2991 paucis,
1281 2926 1441 2992 quae
1470 2892 1625 2970 mihi
1645 2916 2013 2993 supersunt,
2041 2907 2183 2971 misi
2205 2902 2416 2972 exem-

458 3017 660 3105 plaria
680 3014 1065 3095 desiderata,
1096 3013 1323 3101 quibus
1352 3013 1609 3104 adjunxi
1620 3013 1885 3104 Anghae
1893 3008 2227 3105 indigenas
2235 3036 2412 3105 quas·

459 3127 610 3194 (lam
631 3150 770 3194 non
799 3129 1088 3214 vulgares
1113 3128 1384 3212 plantas.

547 3237 805 3303 Iuvenis
850 3235 1328 3301 Philo-betanus
1342 3285 1360 3315 ‚
1415 3236 1526 3322 qui
1561 3236 1699 3301 Tibi
1722 3237 2092 3303 fasciculum
2114 3257 2402 3323 praesen·

460 3357 596 3413 tem
610 3346 845 3426 tradet,
874 3347 1144 3411 amicitia
1165 3347 1321 3412 mihi
1347 3345 1717 3432 conjunctus
1749 3357 1879 3427 est,
1910 3347 2282 3412 Parentibus
2308 3369 2415 3434 op·

459 3459 623 3524 timis
658 3467 841 3523 natus
857 3506 874 3535 ,
919 3456 1029 3543 qui
1057 3478 1158 3520 me
1179 3458 1379 3522 multa
1409 3459 1680 3524 amicitia
1705 3467 1768 3522 et
1790 3458 2004 3523 favore
2027 3480 2413 3545 prosequun-
2520 3467 2527 3474 '

433 3570 859 3657 ·tur.1gitur
900 3567 952 3631 si
994 3567 1113 3653 ipsi
1146 3567 1385 3633 aditum
1410 3567 1493 3633 ad
1514 3570 1787 3634 Hortum
1814 3578 2094 3635 vestrum
2122 3571 2417 3655 permise-

460 3681 583 3762 ris,
620 3690 870 3773 gratum
901 3678 1092 3743 facies
1120 3686 1183 3743 et
1205 3700 1366 3766 quae
1394 3680 1514 3769 ipsi
1539 3680 1742 3746 officia
1773 3680 2188 3765 praestiteris,
2219 3682 2283 3746 in
2316 3703 2417 3747 me

466 3732 689 3856 collata
711 3811 847 3854 esse
873 3787 1059 3853 scias.

734 3899 893 3967 Vale
916 3899 1209 3984 faveque.
1319 3932 1320 3935 π

648 4009 875 4075 oxonii
910 4014 938 4075 1
975 4011 1137 4078 Nov.
1171 4008 1372 4078 1739.
1486 3986 1499 4001 '
