2952 5080
471 538 733 584 unum
1396 522 1476 585 15
1593 592 1599 601 ,
1931 545 1984 586 J.
2021 504 2404 590 naumurum.

461 745 585 809 hoc
636 763 793 829 opus
826 762 942 829 pro
976 742 1098 807 hoc
1132 752 1414 828 tempore
1432 793 1450 821 ‚
1503 746 1867 831 insequente
1903 769 2048 814 vere
2071 800 2087 828 ,
2145 751 2199 813 si
2233 752 2404 819 Deus

461 856 617 919 mihi
640 854 830 919 vitam
859 854 1146 939 viresque
1174 854 1498 942 largiatur,
1533 857 1840 944 Rumphii
1863 879 2020 944 opus
2045 861 2400 948 aggrediar,

463 963 636 1052 quod
670 987 750 1030 an
784 964 868 1029 ad
900 964 1089 1029 finem
1125 965 1474 1052 perducere
1511 970 1755 1035 valeam
1769 1020 1787 1050 ‚
1829 980 2074 1057 tempus
2117 970 2400 1054 docebit,

460 1077 696 1142 utinam
738 1076 928 1143 modo
981 1099 1138 1164 opus
1183 1088 1346 1149 esset
1385 1079 1560 1146 haud
1605 1081 1694 1146 ita
1733 1083 2079 1167 pretiosum
2108 1093 2298 1170 atque
2320 1087 2408 1151 ob

459 1202 691 1274 paucos
744 1186 932 1275 hujus
980 1188 1168 1255 studii
1219 1192 1643 1258 aestimatores
1687 1214 1816 1261 non
1860 1195 1949 1259 ita
1975 1191 2283 1279 arduum3
2341 1198 2407 1261 in

408 1310 415 1318 '
459 1301 700 1386 magnis
727 1303 1231 1369 tamenvoluisse
1262 1313 1357 1369 sat
1377 1313 1489 1370 est.

529 1411 874 1479 Caeterum
918 1415 1127 1480 valeas
1145 1466 1162 1495 ‚
1209 1417 1302 1481 uti
1339 1437 1458 1503 ego
1495 1437 1641 1481 cum
1666 1437 1864 1487 uxore
1892 1425 1955 1480 et
1982 1416 2222 1483 familia
2246 1437 2404 1503 qua-

456 1528 598 1589 tu'or
614 1523 997 1607 liberorum,
1036 1528 1148 1615 qui
1175 1548 1393 1594 omnes
1421 1529 1780 1614 pancratice
1802 1531 2087 1597 valemus
2113 1580 2131 1611 ‚
2175 1551 2406 1619 meque

456 1654 606 1699 vero
631 1657 845 1705 amore
865 1660 942 1704 ac
965 1639 1181 1709 favore
1208 1642 1511 1728 prosequi
1526 1662 1748 1728 perge.

1390 1749 1579 1821 inab.
1611 1748 1819 1817 Amst.
1860 1750 1944 1817 19
1970 1751 2311 1819 Novemhr.

1583 1883 2000 1929 mccxxxvm
2009 1911 2025 1929 ·
2129 1902 2134 1907 ·

540 2159 600 2221 9.
1096 2139 1265 2198 Viro
1304 2138 1758 2235 Amicisfsimo’

600 2252 603 2255 ’
1074 2248 1370 2345 cARom
1413 2279 1753 2338 HNNAEo
1768 2314 1790 2352 ‚

1128 2386 1135 2393 ’
1188 2399 1199 2411 ”
1334 2390 1400 2453 S.
1436 2390 1519 2453 D.

978 2528 1319 2588 JOANNES
1365 2530 1853 2588 BURMANNUS.

456 2671 721 2791 Accepi
762 2702 951 2769 hodie
988 2706 1224 2770 litteras
1266 2716 1403 2771 tuas
1450 2708 1908 2792 acceptissimas
1938 2706 1985 2772 8
2009 2705 2195 2792 hujus
2223 2729 2400 2771 men-

418 2812 435 2816 *
457 2816 538 2879 sis
563 2812 650 2901 (*)
688 2816 845 2880 mihi
885 2816 1144 2901 scriptas
1160 2867 1176 2895 ‚
1218 2838 1297 2879 ex
1336 2816 1565 2902 quibus
1595 2818 1792 2881 laetus
1823 2817 2091 2903 cognovi
2113 2827 2173 2880 te
2198 2816 2396 2881 absol-

431 2927 617 2994 .visse
665 2925 1096 2991 Helleborines
1144 2928 1412 3014 specieS,
1466 2949 1622 3013 quas
1653 2927 1858 3013 prima
1891 2925 2215 2992 occasione
2251 2949 2397 2992 cum

456 3035 713 3121 reliquis
753 3037 934 3103 avide
961 3049 1282 3126 exspecto,
1330 3038 1442 3104 sed
1472 3037 1669 3105 addas
1698 3060 1930 3126 quaeso
1962 3039 2269 3104 centurias
2296 3038 2398 3127 (†)

538 3237 609 3315 (*)
649 3238 828 3297 Doleo
853 3237 913 3296 in
938 3236 1140 3297 chartis
1167 3236 1499 3297 clarissimae
1527 3235 1969 3297 Burmannorum
1992 3233 2234 3294 familiae
2256 3232 2395 3294 desi·

453 3330 637 3392 derari
681 3331 936 3413 epistolas
978 3331 1213 3391 Linnaei
1247 3332 1478 3414 scriptas
1515 3331 1659 3391 inter
1694 3350 1868 3390 annos
1913 3328 2065 3412 1738
2108 3342 2163 3389 et
2207 3326 2389 3410 17573

449 3424 637 3509 plures
680 3438 862 3505 aute-m
894 3425 1123 3509 scriptas
1160 3425 1328 3486 fuisse
1364 3447 1434 3487 ex
1473 3425 1643 3486 hacce
1679 3425 1983 3486 Burmanni
2016 3422 2252 3507 epistola
2286 3441 2392 3503 pa-

450 3535 548 3582 tet.
618 3522 739 3583 Has
766 3533 968 3582 autem
1012 3520 1202 3584 deesse
1239 3544 1309 3583 eo
1354 3523 1532 3605 magis
1576 3521 1879 3591 dolendum
1922 3532 2036 3593 est,
2081 3517 2211 3600 quia
2253 3537 2391 3577 con-

450 3616 700 3679 tinebant
737 3615 1239 3679 animadversiones
1267 3619 1505 3680 Linnaei
1534 3620 1595 3678 in
1622 3618 1809 3676 icones
1835 3615 2150 3698 plantarum
2176 3614 2393 3675 Ameri-

445 3733 714 3792 canarum·
748 3736 782 3775 a
829 3713 1126 3775 Plumierio
1168 3716 1442 3780 confectas
1493 3728 1653 3798 atque
1700 3734 1733 3772 a
1771 3710 2086 3773 Burmanno
2139 3710 2385 3772 Linnaeo

445 3829 655 3871 missas.

523 3940 599 4017 (†)
647 3939 734 3998 Cf.
769 3942 1001 4001 Amoen.
1039 3937 1215 4000 Acad.
1248 3938 1363 4000 vol.
1394 3938 1501 4012 IV,
1533 3958 1594 4021 p.
1629 3909 1998 3997 261—332.'
