<?xml version="1.0" encoding="UTF-8"?>
<!DOCTYPE html PUBLIC "-//W3C//DTD XHTML 1.0 Transitional//EN"
    "http://www.w3.org/TR/xhtml1/DTD/xhtml1-transitional.dtd">
<html xmlns="http://www.w3.org/1999/xhtml" xml:lang="en" lang="en">
 <head>
  <title>
</title>
<meta http-equiv="Content-Type" content="text/html;charset=utf-8" />
  <meta name='ocr-system' content='tesseract 3.04.00' />
  <meta name='ocr-capabilities' content='ocr_page ocr_carea ocr_par ocr_line ocrx_word'/>
</head>
<body>
  <div class='ocr_page' id='page_1' title='image "./epistolaeinedit00linngoog_0152.png"; bbox 0 0 2952 5080; ppageno 0'>
   <div class='ocr_carea' id='block_1_1' title="bbox 572 486 2506 568">
    <p class='ocr_par' dir='ltr' id='par_1_1' title="bbox 572 486 2506 568">
     <span class='ocr_line' id='line_1_1' title="bbox 572 486 2506 568; baseline 0.003 -12"><span class='ocrx_word' id='word_1_1' title='bbox 572 511 841 558; x_wconf 59' lang='lat' dir='ltr'><strong>amno</strong></span> <span class='ocrx_word' id='word_1_2' title='bbox 897 535 900 544; x_wconf 86' lang='lat'>·</span> <span class='ocrx_word' id='word_1_3' title='bbox 1487 486 1616 553; x_wconf 73' lang='grc'><strong>138</strong></span> <span class='ocrx_word' id='word_1_4' title='bbox 2028 512 2084 556; x_wconf 79' lang='grc'><strong>,1.</strong></span> <span class='ocrx_word' id='word_1_5' title='bbox 2110 510 2506 568; x_wconf 62' lang='lat' dir='ltr'><strong>nolumus.</strong></span> 
     </span>
    </p>
   </div>
   <div class='ocr_carea' id='block_1_2' title="bbox 635 715 2517 2302">
    <p class='ocr_par' dir='ltr' id='par_1_2' title="bbox 635 715 2517 2302">
     <span class='ocr_line' id='line_1_2' title="bbox 658 715 2517 809; baseline 0.002 -21"><span class='ocrx_word' id='word_1_6' title='bbox 658 720 964 809; x_wconf 79' lang='lat' dir='ltr'><strong>Adeoque</strong></span> <span class='ocrx_word' id='word_1_7' title='bbox 993 722 1173 789; x_wconf 84' lang='lat' dir='ltr'><strong>&#39;nullo</strong></span> <span class='ocrx_word' id='word_1_8' title='bbox 1203 728 1493 806; x_wconf 80' lang='lat' dir='ltr'><strong>tempore</strong></span> <span class='ocrx_word' id='word_1_9' title='bbox 1523 715 1878 783; x_wconf 74' lang='lat' dir='ltr'><strong>ardentiore</strong></span> <span class='ocrx_word' id='word_1_10' title='bbox 1901 717 2107 785; x_wconf 89' lang='lat' dir='ltr'><strong>studio</strong></span> <span class='ocrx_word' id='word_1_11' title='bbox 2136 721 2425 790; x_wconf 81' lang='lat' dir='ltr'><strong>Botanici</strong></span> <span class='ocrx_word' id='word_1_12' title='bbox 2446 724 2517 791; x_wconf 89' lang='lat' dir='ltr'><strong>in</strong></span> 
     </span>
     <span class='ocr_line' id='line_1_3' title="bbox 829 828 2379 917; baseline 0.002 -21"><span class='ocrx_word' id='word_1_13' title='bbox 829 830 1260 917; x_wconf 88' lang='lat' dir='ltr'><strong>promovendo</strong></span> <span class='ocrx_word' id='word_1_14' title='bbox 1283 832 1450 898; x_wconf 84' lang='lat' dir='ltr'><strong>Rem</strong></span> <span class='ocrx_word' id='word_1_15' title='bbox 1476 828 1839 894; x_wconf 81' lang='lat' dir='ltr'><strong>herbariam</strong></span> <span class='ocrx_word' id='word_1_16' title='bbox 1861 829 2080 894; x_wconf 81' lang='lat' dir='ltr'><strong>intenti</strong></span> <span class='ocrx_word' id='word_1_17' title='bbox 2108 830 2312 899; x_wconf 84' lang='lat' dir='ltr'><strong>fuere.</strong></span> <span class='ocrx_word' id='word_1_18' title='bbox 2372 861 2379 872; x_wconf 77' lang='lat'><strong><em>,</em></strong></span> 
     </span>
     <span class='ocr_line' id='line_1_4' title="bbox 654 939 2516 1030; baseline 0.001 -21"><span class='ocrx_word' id='word_1_19' title='bbox 654 940 887 1030; x_wconf 84' lang='lat' dir='ltr'><strong>Accepi</strong></span> <span class='ocrx_word' id='word_1_20' title='bbox 916 944 1000 1007; x_wconf 88' lang='lat' dir='ltr'><strong>ah</strong></span> <span class='ocrx_word' id='word_1_21' title='bbox 1029 940 1265 1009; x_wconf 83' lang='lat' dir='ltr'><strong>Amicis</strong></span> <span class='ocrx_word' id='word_1_22' title='bbox 1295 939 1531 1028; x_wconf 72' lang='lat' dir='ltr'><strong>Anglia</strong></span> <span class='ocrx_word' id='word_1_23' title='bbox 1545 941 1761 1027; x_wconf 84' lang='lat' dir='ltr'><strong>plures</strong></span> <span class='ocrx_word' id='word_1_24' title='bbox 1783 941 1959 1007; x_wconf 82' lang='lat' dir='ltr'><strong>vivas</strong></span> <span class='ocrx_word' id='word_1_25' title='bbox 1987 943 2274 1028; x_wconf 81' lang='lat' dir='ltr'><strong>plantas:</strong></span> <span class='ocrx_word' id='word_1_26' title='bbox 2306 943 2516 1011; x_wconf 78' lang='lat' dir='ltr'><strong>Lirio-</strong></span> 
     </span>
     <span class='ocr_line' id='line_1_5' title="bbox 830 1050 2516 1145; baseline 0.002 -25"><span class='ocrx_word' id='word_1_27' title='bbox 830 1057 1146 1130; x_wconf 65' lang='lat' dir='ltr'><strong>deraedron,</strong></span> <span class='ocrx_word' id='word_1_28' title='bbox 1193 1054 1288 1119; x_wconf 88' lang='lat' dir='ltr'><em>M</em></span> <span class='ocrx_word' id='word_1_29' title='bbox 1281 1055 1609 1140; x_wconf 61' lang='lat' dir='ltr'><strong>aymam</strong></span> <span class='ocrx_word' id='word_1_30' title='bbox 1627 1101 1671 1132; x_wconf 56' lang='lat'><strong>,1</strong></span> <span class='ocrx_word' id='word_1_31' title='bbox 1704 1050 2142 1134; x_wconf 83' lang='lat' dir='ltr'><strong>Gardem&#39;am‚</strong></span> <span class='ocrx_word' id='word_1_32' title='bbox 2184 1065 2516 1145; x_wconf 83' lang='lat' dir='ltr'><strong>utramque</strong></span> 
     </span>
     <span class='ocr_line' id='line_1_6' title="bbox 826 1162 2511 1253; baseline 0.001 -25"><span class='ocrx_word' id='word_1_33' title='bbox 826 1163 1161 1229; x_wconf 75' lang='lat' dir='ltr'><strong>Kalmz’am</strong></span> <span class='ocrx_word' id='word_1_34' title='bbox 1185 1173 1247 1228; x_wconf 85' lang='lat' dir='ltr'><strong>et</strong></span> <span class='ocrx_word' id='word_1_35' title='bbox 1272 1162 1675 1249; x_wconf 72' lang='lat' dir='ltr'><strong>pluresalias&#39;</strong></span> <span class='ocrx_word' id='word_1_36' title='bbox 1692 1162 2039 1227; x_wconf 74' lang='lat' dir='ltr'><strong>rarissimas</strong></span> <span class='ocrx_word' id='word_1_37' title='bbox 2068 1166 2349 1249; x_wconf 76' lang='lat' dir='ltr'><strong>plantaS,</strong></span> <span class='ocrx_word' id='word_1_38' title='bbox 2379 1168 2511 1253; x_wconf 86' lang='lat' dir='ltr'><strong>qui-</strong></span> 
     </span>
     <span class='ocr_line' id='line_1_7' title="bbox 829 1271 2512 1365; baseline 0.003 -28"><span class='ocrx_word' id='word_1_39' title='bbox 829 1275 950 1338; x_wconf 88' lang='lat' dir='ltr'><strong>bus</strong></span> <span class='ocrx_word' id='word_1_40' title='bbox 989 1275 1061 1337; x_wconf 88' lang='lat' dir='ltr'><strong>in</strong></span> <span class='ocrx_word' id='word_1_41' title='bbox 1090 1275 1263 1338; x_wconf 86' lang='lat' dir='ltr'><strong>senio</strong></span> <span class='ocrx_word' id='word_1_42' title='bbox 1306 1295 1449 1340; x_wconf 91' lang='lat' dir='ltr'><strong>meo</strong></span> <span class='ocrx_word' id='word_1_43' title='bbox 1483 1272 1797 1351; x_wconf 83' lang='lat' dir='ltr'><strong>delector,</strong></span> <span class='ocrx_word' id='word_1_44' title='bbox 1852 1271 1964 1336; x_wconf 83' lang='lat' dir='ltr'><strong>sed</strong></span> <span class='ocrx_word' id='word_1_45' title='bbox 1970 1295 2331 1365; x_wconf 82' lang='lat' dir='ltr'><strong>numquam</strong></span> <span class='ocrx_word' id='word_1_46' title='bbox 2352 1277 2512 1342; x_wconf 78' lang='lat' dir='ltr'><strong>obti-</strong></span> 
     </span>
     <span class='ocr_line' id='line_1_8' title="bbox 830 1380 2401 1482; baseline 0.003 -33"><span class='ocrx_word' id='word_1_47' title='bbox 830 1407 978 1449; x_wconf 87' lang='lat' dir='ltr'><strong>nere</strong></span> <span class='ocrx_word' id='word_1_48' title='bbox 1002 1386 1179 1471; x_wconf 81' lang='lat' dir='ltr'><strong>potui</strong></span> <span class='ocrx_word' id='word_1_49' title='bbox 1206 1383 1720 1482; x_wconf 68' lang='lat' dir='ltr'><strong>Hydranqeam,</strong></span> <span class='ocrx_word' id='word_1_50' title='bbox 1766 1380 2135 1466; x_wconf 76' lang='lat' dir='ltr'><strong>Clethmm,</strong></span> <span class='ocrx_word' id='word_1_51' title='bbox 2168 1385 2401 1454; x_wconf 81' lang='lat' dir='ltr'><strong>Iteam.</strong></span> 
     </span>
     <span class='ocr_line' id='line_1_9' title="bbox 650 1495 1219 1562; baseline -0.004 -1"><span class='ocrx_word' id='word_1_52' title='bbox 650 1497 867 1562; x_wconf 86' lang='lat' dir='ltr'><strong>Valete</strong></span> <span class='ocrx_word' id='word_1_53' title='bbox 899 1504 962 1560; x_wconf 85' lang='lat' dir='ltr'><strong>et</strong></span> <span class='ocrx_word' id='word_1_54' title='bbox 992 1495 1219 1561; x_wconf 87' lang='lat' dir='ltr'><strong>favete.</strong></span> 
     </span>
     <span class='ocr_line' id='line_1_10' title="bbox 639 1604 2103 1694; baseline 0.002 -23"><span class='ocrx_word' id='word_1_55' title='bbox 639 1627 666 1638; x_wconf 61' lang='lat'><strong>‘¹</strong></span> <span class='ocrx_word' id='word_1_56' title='bbox 915 1608 1210 1694; x_wconf 82' lang='lat' dir='ltr'><strong>Upsaliae</strong></span> <span class='ocrx_word' id='word_1_57' title='bbox 1237 1607 1404 1675; x_wconf 79' lang='lat'><strong>1771</strong></span> <span class='ocrx_word' id='word_1_58' title='bbox 1443 1604 1515 1671; x_wconf 89' lang='lat' dir='ltr'><strong>d.</strong></span> <span class='ocrx_word' id='word_1_59' title='bbox 1546 1604 2015 1672; x_wconf 84' lang='lat' dir='ltr'><strong>8Decembris.</strong></span> <span class='ocrx_word' id='word_1_60' title='bbox 2092 1667 2103 1674; x_wconf 84' lang='lat'><strong>.</strong></span> 
     </span>
     <span class='ocr_line' id='line_1_11' title="bbox 635 1823 739 1886; baseline 0 -1"><span class='ocrx_word' id='word_1_61' title='bbox 635 1823 739 1886; x_wconf 90' lang='grc'><strong>65.</strong></span> 
     </span>
     <span class='ocr_line' id='line_1_12' title="bbox 1179 1923 1961 2013; baseline -0.003 0"><span class='ocrx_word' id='word_1_62' title='bbox 1179 1989 1182 1994; x_wconf 79' lang='lat'>·</span> <span class='ocrx_word' id='word_1_63' title='bbox 1278 1936 1394 2013; x_wconf 84' lang='lat' dir='ltr'><strong>Cl.</strong></span> <span class='ocrx_word' id='word_1_64' title='bbox 1441 1923 1807 2011; x_wconf 63' lang='lat' dir='ltr'><strong>&#39;ummo&#39;</strong></span> <span class='ocrx_word' id='word_1_65' title='bbox 1864 1961 1871 1968; x_wconf 61' lang='grc'><em>’</em></span> <span class='ocrx_word' id='word_1_66' title='bbox 1952 1959 1961 1968; x_wconf 92' lang='grc'><em>·</em></span> 
     </span>
     <span class='ocr_line' id='line_1_13' title="bbox 1253 2056 1869 2167; baseline 0 -24"><span class='ocrx_word' id='word_1_67' title='bbox 1253 2056 1258 2060; x_wconf 79' lang='grc'><strong>’</strong></span> <span class='ocrx_word' id='word_1_68' title='bbox 1360 2076 1460 2167; x_wconf 80' lang='lat' dir='ltr'><strong>(s,</strong></span> <span class='ocrx_word' id='word_1_69' title='bbox 1483 2079 1584 2144; x_wconf 84' lang='lat' dir='ltr'><strong>Pl</strong></span> <span class='ocrx_word' id='word_1_70' title='bbox 1612 2079 1695 2143; x_wconf 81' lang='grc'><strong>11.</strong></span> <span class='ocrx_word' id='word_1_71' title='bbox 1860 2058 1869 2065; x_wconf 84' lang='grc'><strong>’</strong></span> 
     </span>
     <span class='ocr_line' id='line_1_14' title="bbox 745 2191 2510 2302; baseline -0.001 -35"><span class='ocrx_word' id='word_1_72' title='bbox 745 2289 776 2302; x_wconf 19' lang='grc' dir='ltr'><strong>Γ,</strong></span> <span class='ocrx_word' id='word_1_73' title='bbox 1031 2212 1090 2267; x_wconf 80' lang='lat'><strong>1.</strong></span> <span class='ocrx_word' id='word_1_74' title='bbox 1115 2194 1653 2336; x_wconf 57' lang='lat' dir='ltr'><strong>BURMAnNus.)</strong></span> <span class='ocrx_word' id='word_1_75' title='bbox 1742 2196 1842 2267; x_wconf 85' lang='lat'><strong>30</strong></span> <span class='ocrx_word' id='word_1_76' title='bbox 1863 2191 2264 2266; x_wconf 82' lang='lat' dir='ltr'><strong>Decembr</strong></span> <span class='ocrx_word' id='word_1_77' title='bbox 2298 2197 2510 2268; x_wconf 81' lang='lat'>1⁷⁷1.</span> 
     </span>
    </p>
   </div>
   <div class='ocr_carea' id='block_1_3' title="bbox 520 2288 2559 4035">
    <p class='ocr_par' dir='ltr' id='par_1_3' title="bbox 539 2288 2511 3564">
     <span class='ocr_line' id='line_1_15' title="bbox 555 2288 2507 2473; baseline 0.003 -27"><span class='ocrx_word' id='word_1_78' title='bbox 555 2288 712 2450; x_wconf 76' lang='lat' dir='ltr'><strong>Ex</strong></span> <span class='ocrx_word' id='word_1_79' title='bbox 723 2381 956 2456; x_wconf 81' lang='lat' dir='ltr'><strong>ultimis</strong></span> <span class='ocrx_word' id='word_1_80' title='bbox 987 2387 1126 2453; x_wconf 83' lang='lat' dir='ltr'><strong>tuis</strong></span> <span class='ocrx_word' id='word_1_81' title='bbox 1163 2389 1384 2454; x_wconf 74' lang='lat' dir='ltr'><strong>litteris</strong></span> <span class='ocrx_word' id='word_1_82' title='bbox 1425 2323 1593 2453; x_wconf 82' lang='lat' dir='ltr'><strong>laeto</strong></span> <span class='ocrx_word' id='word_1_83' title='bbox 1628 2388 1839 2451; x_wconf 86' lang='lat' dir='ltr'><strong>animo</strong></span> <span class='ocrx_word' id='word_1_84' title='bbox 1880 2386 2169 2473; x_wconf 81' lang='lat' dir='ltr'><strong>perspexi</strong></span> <span class='ocrx_word' id='word_1_85' title='bbox 2197 2331 2507 2472; x_wconf 75' lang='lat' dir='ltr'><strong>placuisse</strong></span> 
     </span>
     <span class='ocr_line' id='line_1_16' title="bbox 541 2489 2511 2588; baseline 0.002 -27"><span class='ocrx_word' id='word_1_86' title='bbox 541 2489 692 2561; x_wconf 79' lang='lat' dir='ltr'><strong>tibi</strong></span> <span class='ocrx_word' id='word_1_87' title='bbox 707 2491 1040 2588; x_wconf 80' lang='lat' dir='ltr'><strong>Catalogos</strong></span> <span class='ocrx_word' id='word_1_88' title='bbox 1075 2495 1535 2567; x_wconf 83' lang='lat' dir='ltr'><strong>Malaharicum</strong></span> <span class='ocrx_word' id='word_1_89' title='bbox 1582 2519 1814 2586; x_wconf 80' lang='lat' dir='ltr'><strong>nempe</strong></span> <span class='ocrx_word' id='word_1_90' title='bbox 1856 2505 1922 2563; x_wconf 81' lang='lat' dir='ltr'><strong>et</strong></span> <span class='ocrx_word' id='word_1_91' title='bbox 1949 2494 2449 2563; x_wconf 81' lang='lat' dir='ltr'><strong>Amhoinensem</strong></span> <span class='ocrx_word' id='word_1_92' title='bbox 2467 2519 2511 2564; x_wconf 92' lang='lat' dir='ltr'><strong>a</strong></span> 
     </span>
     <span class='ocr_line' id='line_1_17' title="bbox 543 2606 2501 2695; baseline 0.001 -24"><span class='ocrx_word' id='word_1_93' title='bbox 543 2610 668 2672; x_wconf 80' lang='lat' dir='ltr'><strong>me·</strong></span> <span class='ocrx_word' id='word_1_94' title='bbox 687 2629 818 2672; x_wconf 87' lang='lat' dir='ltr'><strong>non</strong></span> <span class='ocrx_word' id='word_1_95' title='bbox 862 2610 997 2674; x_wconf 79' lang='lat' dir='ltr'><strong>sine</strong></span> <span class='ocrx_word' id='word_1_96' title='bbox 1045 2612 1243 2675; x_wconf 84' lang='lat' dir='ltr'><strong>multo</strong></span> <span class='ocrx_word' id='word_1_97' title='bbox 1285 2609 1506 2674; x_wconf 82' lang='lat' dir='ltr'><strong>labore</strong></span> <span class='ocrx_word' id='word_1_98' title='bbox 1546 2629 1749 2695; x_wconf 85' lang='lat' dir='ltr'><strong>nuper</strong></span> <span class='ocrx_word' id='word_1_99' title='bbox 1781 2608 2139 2673; x_wconf 83' lang='lat' dir='ltr'><strong>elaboratos</strong></span> <span class='ocrx_word' id='word_1_100' title='bbox 2165 2615 2230 2672; x_wconf 81' lang='lat' dir='ltr'><strong>et</strong></span> <span class='ocrx_word' id='word_1_101' title='bbox 2258 2606 2460 2675; x_wconf 84' lang='lat' dir='ltr'><strong>editos</strong></span> <span class='ocrx_word' id='word_1_102' title='bbox 2481 2655 2501 2686; x_wconf 91' lang='lat'><strong>,</strong></span> 
     </span>
     <span class='ocr_line' id='line_1_18' title="bbox 542 2720 2510 2808; baseline -0.001 -23"><span class='ocrx_word' id='word_1_103' title='bbox 542 2720 875 2807; x_wconf 69' lang='lat' dir='ltr'><strong>gratosque</strong></span> <span class='ocrx_word' id='word_1_104' title='bbox 922 2723 1036 2789; x_wconf 82' lang='lat' dir='ltr'><strong>tihi</strong></span> <span class='ocrx_word' id='word_1_105' title='bbox 1084 2743 1206 2808; x_wconf 83' lang='lat' dir='ltr'><strong>ago</strong></span> <span class='ocrx_word' id='word_1_106' title='bbox 1243 2742 1523 2787; x_wconf 86' lang='lat' dir='ltr'><strong>summas</strong></span> <span class='ocrx_word' id='word_1_107' title='bbox 1546 2742 1665 2808; x_wconf 85' lang='lat' dir='ltr'><strong>pro</strong></span> <span class='ocrx_word' id='word_1_108' title='bbox 1699 2721 2174 2786; x_wconf 76' lang='lat' dir='ltr'><strong>communicatis</strong></span> <span class='ocrx_word' id='word_1_109' title='bbox 2205 2740 2285 2783; x_wconf 84' lang='lat' dir='ltr'><strong>ex</strong></span> <span class='ocrx_word' id='word_1_110' title='bbox 2310 2720 2510 2785; x_wconf 72' lang='lat' dir='ltr'><strong>altera</strong></span> 
     </span>
     <span class='ocr_line' id='line_1_19' title="bbox 539 2832 2505 2919; baseline -0.001 -22"><span class='ocrx_word' id='word_1_111' title='bbox 539 2834 672 2897; x_wconf 59' lang='lat' dir='ltr'><strong>tud&lt;</strong></span> <span class='ocrx_word' id='word_1_112' title='bbox 694 2833 990 2897; x_wconf 76' lang='lat' dir='ltr'><strong>Mantissa</strong></span> <span class='ocrx_word' id='word_1_113' title='bbox 1017 2834 1279 2919; x_wconf 84' lang='lat' dir='ltr'><strong>plantis,</strong></span> <span class='ocrx_word' id='word_1_114' title='bbox 1332 2833 1563 2918; x_wconf 85' lang='lat' dir='ltr'><strong>quibus</strong></span> <span class='ocrx_word' id='word_1_115' title='bbox 1595 2853 1827 2919; x_wconf 81' lang='lat' dir='ltr'><strong>augere</strong></span> <span class='ocrx_word' id='word_1_116' title='bbox 1857 2833 1999 2896; x_wconf 87' lang='lat' dir='ltr'><strong>illos</strong></span> <span class='ocrx_word' id='word_1_117' title='bbox 2027 2840 2248 2918; x_wconf 82' lang='lat' dir='ltr'><strong>potero</strong></span> <span class='ocrx_word' id='word_1_118' title='bbox 2277 2832 2505 2895; x_wconf 89' lang='lat' dir='ltr'><strong>catalo-</strong></span> 
     </span>
     <span class='ocr_line' id='line_1_20' title="bbox 540 2938 2507 3031; baseline 0.002 -27"><span class='ocrx_word' id='word_1_119' title='bbox 540 2962 655 3028; x_wconf 83' lang='lat' dir='ltr'><strong>gos</strong></span> <span class='ocrx_word' id='word_1_120' title='bbox 677 2992 695 3021; x_wconf 90' lang='lat'>,</span> <span class='ocrx_word' id='word_1_121' title='bbox 748 2938 862 3006; x_wconf 77' lang='lat' dir='ltr'><strong>s&#39;ed</strong></span> <span class='ocrx_word' id='word_1_122' title='bbox 909 2941 1255 3008; x_wconf 87' lang='lat' dir='ltr'><strong>dolendum</strong></span> <span class='ocrx_word' id='word_1_123' title='bbox 1300 2953 1413 3009; x_wconf 81' lang='lat' dir='ltr'><strong>tua</strong></span> <span class='ocrx_word' id='word_1_124' title='bbox 1461 2964 1661 3031; x_wconf 80' lang='lat' dir='ltr'><strong>opera</strong></span> <span class='ocrx_word' id='word_1_125' title='bbox 1702 2965 1870 3010; x_wconf 89' lang='lat' dir='ltr'><strong>nova</strong></span> <span class='ocrx_word' id='word_1_126' title='bbox 1913 2944 2026 3010; x_wconf 80' lang='lat' dir='ltr'><strong>vix</strong></span> <span class='ocrx_word' id='word_1_127' title='bbox 2068 2943 2357 3030; x_wconf 85' lang='lat' dir='ltr'><strong>conquiri</strong></span> <span class='ocrx_word' id='word_1_128' title='bbox 2397 2941 2507 3008; x_wconf 81' lang='lat' dir='ltr'><strong>hio</strong></span> 
     </span>
     <span class='ocr_line' id='line_1_21' title="bbox 541 3052 2503 3141; baseline 0.001 -24"><span class='ocrx_word' id='word_1_129' title='bbox 541 3075 724 3141; x_wconf 88' lang='lat' dir='ltr'><strong>posse</strong></span> <span class='ocrx_word' id='word_1_130' title='bbox 743 3103 760 3129; x_wconf 89' lang='lat'><strong>,</strong></span> <span class='ocrx_word' id='word_1_131' title='bbox 808 3054 927 3118; x_wconf 83' lang='lat' dir='ltr'><strong>nisi</strong></span> <span class='ocrx_word' id='word_1_132' title='bbox 970 3053 1083 3119; x_wconf 87' lang='lat' dir='ltr'><strong>diu</strong></span> <span class='ocrx_word' id='word_1_133' title='bbox 1097 3052 1235 3140; x_wconf 80' lang='lat' dir='ltr'><strong>jam</strong></span> <span class='ocrx_word' id='word_1_134' title='bbox 1265 3055 1434 3121; x_wconf 89' lang='lat' dir='ltr'><strong>edita</strong></span> <span class='ocrx_word' id='word_1_135' title='bbox 1460 3056 1695 3133; x_wconf 74' lang='lat' dir='ltr'><strong>fuerint</strong></span> <span class='ocrx_word' id='word_1_136' title='bbox 1714 3104 1734 3134; x_wconf 87' lang='lat'>‚</span> <span class='ocrx_word' id='word_1_137' title='bbox 1788 3056 2163 3141; x_wconf 85' lang='lat' dir='ltr'><strong>praesertim</strong></span> <span class='ocrx_word' id='word_1_138' title='bbox 2187 3077 2342 3121; x_wconf 83' lang='lat' dir='ltr'><strong>vero</strong></span> <span class='ocrx_word' id='word_1_139' title='bbox 2383 3052 2503 3118; x_wconf 87' lang='lat' dir='ltr'><strong>dis-</strong></span> 
     </span>
     <span class='ocr_line' id='line_1_22' title="bbox 541 3164 2501 3252; baseline 0.001 -21"><span class='ocrx_word' id='word_1_140' title='bbox 541 3166 904 3231; x_wconf 87' lang='lat' dir='ltr'><strong>sertationes</strong></span> <span class='ocrx_word' id='word_1_141' title='bbox 933 3175 1075 3231; x_wconf 86' lang='lat' dir='ltr'><strong>tuas</strong></span> <span class='ocrx_word' id='word_1_142' title='bbox 1099 3176 1452 3252; x_wconf 83' lang='lat' dir='ltr'><strong>separatas,</strong></span> <span class='ocrx_word' id='word_1_143' title='bbox 1483 3175 1563 3231; x_wconf 81' lang='lat' dir='ltr'><strong>ut</strong></span> <span class='ocrx_word' id='word_1_144' title='bbox 1578 3164 1661 3230; x_wconf 89' lang='lat' dir='ltr'><strong>de</strong></span> <span class='ocrx_word' id='word_1_145' title='bbox 1681 3164 1952 3246; x_wconf 62' lang='lat' dir='ltr'><strong>Euhie,</strong></span> <span class='ocrx_word' id='word_1_146' title='bbox 1981 3164 2063 3230; x_wconf 89' lang='lat' dir='ltr'><strong>de</strong></span> <span class='ocrx_word' id='word_1_147' title='bbox 2081 3166 2501 3232; x_wconf 77' lang='lat' dir='ltr'><strong>Fundamen-</strong></span> 
     </span>
     <span class='ocr_line' id='line_1_23' title="bbox 540 3274 2503 3366; baseline 0 -25"><span class='ocrx_word' id='word_1_148' title='bbox 540 3280 628 3341; x_wconf 64' lang='grc' dir='ltr'><strong>τίς</strong></span> <span class='ocrx_word' id='word_1_149' title='bbox 678 3274 1180 3364; x_wconf 72' lang='lat' dir='ltr'><strong>Testacedloqiae</strong></span> <span class='ocrx_word' id='word_1_150' title='bbox 1227 3278 1632 3366; x_wconf 80' lang='lat' dir='ltr'><strong>reliquasque</strong></span> <span class='ocrx_word' id='word_1_151' title='bbox 1685 3278 1919 3343; x_wconf 88' lang='lat' dir='ltr'><strong>similes</strong></span> <span class='ocrx_word' id='word_1_152' title='bbox 1938 3328 1955 3357; x_wconf 93' lang='lat'><strong>,</strong></span> <span class='ocrx_word' id='word_1_153' title='bbox 2010 3298 2209 3366; x_wconf 80' lang='lat' dir='ltr'><strong>quare</strong></span> <span class='ocrx_word' id='word_1_154' title='bbox 2263 3279 2316 3343; x_wconf 88' lang='lat' dir='ltr'><strong>si</strong></span> <span class='ocrx_word' id='word_1_155' title='bbox 2357 3276 2503 3343; x_wconf 86' lang='lat' dir='ltr'><strong>data</strong></span> 
     </span>
     <span class='ocr_line' id='line_1_24' title="bbox 541 3374 2500 3477; baseline 0.001 -25"><span class='ocrx_word' id='word_1_156' title='bbox 541 3388 868 3453; x_wconf 77' lang='lat' dir='ltr'><strong>occasione</strong></span> <span class='ocrx_word' id='word_1_157' title='bbox 911 3388 1049 3452; x_wconf 82' lang='lat' dir='ltr'><strong>illas</strong></span> <span class='ocrx_word' id='word_1_158' title='bbox 1091 3388 1273 3453; x_wconf 87' lang='lat' dir='ltr'><strong>nobis</strong></span> <span class='ocrx_word' id='word_1_159' title='bbox 1312 3390 1562 3454; x_wconf 81' lang='lat' dir='ltr'><strong>mittere</strong></span> <span class='ocrx_word' id='word_1_160' title='bbox 1608 3388 1764 3456; x_wconf 77' lang='lat' dir='ltr'><strong>velis</strong></span> <span class='ocrx_word' id='word_1_161' title='bbox 1783 3374 1829 3470; x_wconf 54' lang='lat'><strong>‚²</strong></span> <span class='ocrx_word' id='word_1_162' title='bbox 1858 3389 2047 3455; x_wconf 88' lang='lat' dir='ltr'><strong>etiam</strong></span> <span class='ocrx_word' id='word_1_163' title='bbox 2091 3399 2282 3477; x_wconf 81' lang='lat' dir='ltr'><strong>atque</strong></span> <span class='ocrx_word' id='word_1_164' title='bbox 2313 3389 2500 3453; x_wconf 84' lang='lat' dir='ltr'><strong>etiam</strong></span> 
     </span>
     <span class='ocr_line' id='line_1_25' title="bbox 539 3496 1923 3564; baseline -0.003 -2"><span class='ocrx_word' id='word_1_165' title='bbox 539 3496 697 3563; x_wconf 90' lang='lat' dir='ltr'><strong>illud</strong></span> <span class='ocrx_word' id='word_1_166' title='bbox 728 3497 1184 3564; x_wconf 75' lang='lat' dir='ltr'><strong>desideramus,</strong></span> <span class='ocrx_word' id='word_1_167' title='bbox 1259 3552 1266 3557; x_wconf 91' lang='lat'>.</span> <span class='ocrx_word' id='word_1_168' title='bbox 1373 3552 1380 3559; x_wconf 85' lang='lat'><strong>.</strong></span> <span class='ocrx_word' id='word_1_169' title='bbox 1640 3528 1645 3559; x_wconf 84' lang='grc'><em>;</em></span> <span class='ocrx_word' id='word_1_170' title='bbox 1918 3530 1923 3537; x_wconf 42' lang='grc' dir='ltr'><strong><em>ν</em></strong></span> 
     </span>
    </p>

    <p class='ocr_par' dir='ltr' id='par_1_4' title="bbox 520 3599 2559 4035">
     <span class='ocr_line' id='line_1_26' title="bbox 520 3599 2499 3697; baseline 0.001 -24"><span class='ocrx_word' id='word_1_171' title='bbox 520 3599 526 3605; x_wconf 70' lang='grc'><strong>’</strong></span> <span class='ocrx_word' id='word_1_172' title='bbox 629 3611 726 3673; x_wconf 87' lang='lat' dir='ltr'><strong>Ex</strong></span> <span class='ocrx_word' id='word_1_173' title='bbox 747 3607 979 3697; x_wconf 83' lang='lat' dir='ltr'><strong>Anglia</strong></span> <span class='ocrx_word' id='word_1_174' title='bbox 997 3609 1329 3697; x_wconf 85' lang='lat' dir='ltr'><strong>quotannis</strong></span> <span class='ocrx_word' id='word_1_175' title='bbox 1359 3609 1618 3694; x_wconf 89' lang='lat' dir='ltr'><strong>plurimi</strong></span> <span class='ocrx_word' id='word_1_176' title='bbox 1638 3610 1974 3677; x_wconf 84' lang='lat' dir='ltr'><strong>mittuntur</strong></span> <span class='ocrx_word' id='word_1_177' title='bbox 1995 3611 2221 3677; x_wconf 80' lang='lat' dir='ltr'><strong>exotici</strong></span> <span class='ocrx_word' id='word_1_178' title='bbox 2240 3609 2499 3675; x_wconf 81' lang='lat' dir='ltr'><strong>frutices</strong></span> 
     </span>
     <span class='ocr_line' id='line_1_27' title="bbox 540 3719 2498 3810; baseline 0.001 -25"><span class='ocrx_word' id='word_1_179' title='bbox 540 3719 623 3786; x_wconf 91' lang='lat' dir='ltr'><strong>ad</strong></span> <span class='ocrx_word' id='word_1_180' title='bbox 644 3721 1037 3789; x_wconf 86' lang='lat' dir='ltr'><strong>exornandas</strong></span> <span class='ocrx_word' id='word_1_181' title='bbox 1063 3733 1308 3788; x_wconf 62' lang='lat' dir='ltr'><strong>nostru</strong></span> <span class='ocrx_word' id='word_1_182' title='bbox 1331 3724 1593 3790; x_wconf 73' lang='lat' dir='ltr'><strong>silvulae</strong></span> <span class='ocrx_word' id='word_1_183' title='bbox 1615 3723 1964 3804; x_wconf 81' lang='lat' dir='ltr'><strong>floriferas,</strong></span> <span class='ocrx_word' id='word_1_184' title='bbox 2006 3724 2238 3810; x_wconf 76' lang='lat' dir='ltr'><strong>quihus</strong></span> <span class='ocrx_word' id='word_1_185' title='bbox 2262 3722 2369 3787; x_wconf 87' lang='lat' dir='ltr'><strong>hic</strong></span> <span class='ocrx_word' id='word_1_186' title='bbox 2395 3742 2498 3788; x_wconf 82' lang='lat' dir='ltr'><strong>va-</strong></span> 
     </span>
     <span class='ocr_line' id='line_1_28' title="bbox 544 3804 2497 3924; baseline 0.002 -29"><span class='ocrx_word' id='word_1_187' title='bbox 544 3830 620 3895; x_wconf 76' lang='lat' dir='ltr'><strong>r&#39;ii</strong></span> <span class='ocrx_word' id='word_1_188' title='bbox 657 3831 1033 3899; x_wconf 75' lang='lat' dir='ltr'><strong>dilectantur</strong></span> <span class='ocrx_word' id='word_1_189' title='bbox 1058 3804 1494 3922; x_wconf 58' lang='lat' dir='ltr'><strong>Boianophi&#39;li,</strong></span> <span class='ocrx_word' id='word_1_190' title='bbox 1550 3836 1719 3901; x_wconf 64' lang='lat' dir='ltr'><strong>inter</strong></span> <span class='ocrx_word' id='word_1_191' title='bbox 1746 3858 1909 3924; x_wconf 89' lang='lat' dir='ltr'><strong>quos</strong></span> <span class='ocrx_word' id='word_1_192' title='bbox 1941 3836 2180 3923; x_wconf 83' lang='lat' dir='ltr'><strong>primae</strong></span> <span class='ocrx_word' id='word_1_193' title='bbox 2202 3832 2497 3901; x_wconf 77' lang='lat' dir='ltr'><strong>conditio-</strong></span> 
     </span>
     <span class='ocr_line' id='line_1_29' title="bbox 544 3942 2559 4035; baseline 0.002 -29"><span class='ocrx_word' id='word_1_194' title='bbox 544 3943 640 4008; x_wconf 85' lang='lat' dir='ltr'><strong>nis</strong></span> <span class='ocrx_word' id='word_1_195' title='bbox 684 3954 830 4011; x_wconf 84' lang='lat' dir='ltr'><strong>sunt</strong></span> <span class='ocrx_word' id='word_1_196' title='bbox 878 3944 1167 4013; x_wconf 85' lang='lat' dir='ltr'><strong>homines</strong></span> <span class='ocrx_word' id='word_1_197' title='bbox 1212 3948 1493 4034; x_wconf 84' lang='lat' dir='ltr'><strong>patricii,</strong></span> <span class='ocrx_word' id='word_1_198' title='bbox 1541 3949 1629 4015; x_wconf 82' lang='lat' dir='ltr'><strong>ita</strong></span> <span class='ocrx_word' id='word_1_199' title='bbox 1673 3957 1748 4014; x_wconf 84' lang='lat' dir='ltr'><strong>ut</strong></span> <span class='ocrx_word' id='word_1_200' title='bbox 1785 3949 1918 4015; x_wconf 83' lang='lat' dir='ltr'><strong>Res</strong></span> <span class='ocrx_word' id='word_1_201' title='bbox 1943 3945 2286 4015; x_wconf 77' lang='lat' dir='ltr'><strong>herbaria</strong></span> <span class='ocrx_word' id='word_1_202' title='bbox 2265 3966 2336 4012; x_wconf 89' lang='lat' dir='ltr'><strong>m</strong></span> <span class='ocrx_word' id='word_1_203' title='bbox 2363 3942 2498 4012; x_wconf 87' lang='lat' dir='ltr'><strong>dies</strong></span> <span class='ocrx_word' id='word_1_204' title='bbox 2524 4002 2559 4035; x_wconf 55' lang='lat'>0</span> 
     </span>
    </p>
   </div>
  </div>
 </body>
</html>
