2952 5080
455 552 522 597 ιι.
553 552 972 598 numentano
1358 530 1487 596 185
1699 531 1703 536 ’
1914 549 1965 588 4,
1996 553 1999 558 ·
2026 551 2031 556 ·
2078 549 2385 596 ‘oannem

451 755 634 844 eujus·
649 760 880 844 ‘omnia
922 756 1159 843 majora
1188 765 1379 846 opera
1406 756 1790 823 bibliotheca
1820 760 2034 822 nostra
2060 758 2338 845 possidet
2366 809 2385 839 ‚

450 880 558 935 aut
585 871 851 937 aliorum
873 870 1073 934 bonos
1098 864 1293 933 libros
1318 889 1434 955 pro
1465 865 1687 934 Florae
1716 879 1893 934 meae
1923 870 2163 956 aliquot
2191 890 2392 935 exem·

448 982 728 1067 plaribus
771 976 1244 1047 commutandos
1269 981 1466 1050 habes
1481 983 1507 1055 ,‘
1534 985 1686 1065 rogo
1700 983 1781 1045 -i1t
1804 1002 2027 1045 eorum
2048 979 2392 1047 indiculum

395 1120 399 1124 <
453 1090 694 1177 adjecta
734 1094 1079 1179 pretiorum
1130 1094 1443 1158 mentione
1472 1093 1702 1158 mittas·
1775 1093 2282 1159 Dissertationem
2312 1093 2392 1159 de

456 1198 747 1268 Gerania
778 1212 841 1268 et
875 1202 978 1269 W
968 1197 1393 1290 achendanffia
1416 1202 1601 1276 valde
1631 1202 1944 1274 desidero.

541 1315 870 1379 Hortulani
904 1316 1107 1380 Meese
1132 1314 1423 1402 possideo
1445 1314 1717 1379 Floram
1738 1314 1808 1379 F
1799 1319 2093 1389 nkz‘cam,
2125 1313 2236 1379 sed
2259 1314 2396 1410 bel-

452 1424 590 1511 gico
627 1422 920 1489 idiomate
957 1425 1265 1510 'scriptam
1289 1426 1631 1490 'intellectu'
1648 1425 1802 1488 niihi
1832 1421 2090 1489 difficili.
2159 1426 2225 1489 Si
2260 1421 2395 1509 ejus

452 1534 782 1599 methodus
824 1537 1180 1620 plantarum
1213 1557 1292 1600 ex
1332 1536 1680 1602 differentia
1709 1535 2143 1624 cotyledonum
2164 1537 2252 1601 'ab
2273 1536 2396 1602 hae

447 1629 634 1708 Flo³ra
655 1626 950 1708 diversus
975 1649 1068 1708 est
1094 1644 1293 1722 libel-³,
1315 1675 1320 1680 ¹
1344 1664 1503 1738 rogo*
1520 1654 1609 1709 ut·
1631 1641 1747 1731 pro
1779 1666 1883 1709 me
1913 1663 2199 1732 seponas.
2222 1675 2225 1680 ·
2246 1647 2393 1711 'Hc'—

447 1761 576 1818 ιιιο1
596 1753 850 1820 videtur
883 1776 1012 1819 non
1025 1753 1586 1839 contemnendu83
1639 1743 1921 1843 illudque
1955 1756 2230 1822 studium
2259 1739 2394 1821 ten-

448 1861 622 1926 tandi
669 1863 995 1928 methodos
1046 1887 1124 1929 ex
1168 1866 1451 1951 partibus
1508 1866 1761 1930 habitus
1807 1888 1935 1931 non
1978 1888 2233 1954 possum
2262 1869 2393 1932 non

446 1967 749 2051 laudare,
805 1957 1140 2059 persuasus
1172 1981 1300 2038 non
1328 1975 1724 2059 perfeetam'
1704 1976 1780 2038 iri
1800 1976 2192 2042 methodum
2210 1988 2393 2043 natu·

447 2085 684 2162 ralem‚-
714 2093 1046 2170 antequam
1079 2073 1349 2171 seposita
1379 2074 1802 2184 praejudicata
1829 2087 2121 2182 opinione
2146 2086 2249 2151 de
2240 2103 2390 2174 ‘par-⁹

447 2193 632 2257 tium
654 2193 1145 2259 fmctifieationis
1200 2196 1637 2281 praerogativa
1681 2195 1764 2260 ad
1795 2196 2077 2261 habitum
2109 2206 2170 2261 et
2199 2199 2393 2263 totam

447 2303 803 2390 plantarum
840 2328 1206 2395 compagem
1246 2310 1443 2395 magis
1473 2310 1757 2373 Botanici
1781 2308 2124 2373 attendant.

539 2416 922 2502 Conquisitio
941 2420 1316 2503 plantarum'
1334 2399 1823 2505 Norvegicarum
1847 2422 2116 2485 maxima
2138 2422 2261 2485 hac
2282 2419 2395 2485 dif-

448 2524 721 2590 ficultate
770 2528 1014 2594 laborat
1040 2580 1057 2607 ‚
1127 2516 1298 2617 quod
1357 2531 1598 2596 incolae
1643 2533 1800 2598 nulli
1851 2517 1996 2598 sunt
2032 2511 2397 2621 'plantarum

448 2638 795 2720 cognitione
846 2639 1092 2702 imbuti.
1162 2640 1380 2720 Quam.
1420 2645 1699 2728 primum
1746 2666 1963 2709 earum
2005 2642 2251 2731 copiam
2277 2666 2396 2732 pro

448 2745 633 2812 horto
658 2757 874 2813 nostro
907 2748 1187 2812 obtinere
1218 2736 1437 2833 potero
1468 2802 1485 2829 ,
1524 2762 1765 2839 partem
1796 2740 1907 2817 tibi
1936 2756 2279 2852 impertiar.

535 2860 630 2921 De
660 2857 935 2922 adventu
967 2861 1273 2925 seminum
1307 2884 1618 2928 novorum
1645 2866 1997 2929 Forskahlii
2027 2888 2104 2929 ex
2122 2864 2394 2932 Arabiae

446 2977 634 3051 portu
661 2967 931 3056 Lahdja
962 2969 1171 3050 dicto,
1208 2975 1504 3039 certiores
1535 2998 1637 3040 me
1661 2976 1945 3042 fecerunt
1974 2986 2386 3044 mercatores·
2366 3030 2386 3066 ,

447 3079 678 3144 horum
718 3090 960 3166 partem
1010 3094 1181 3149 certo
1228 3087 1564 3187 habebitis.
1636 3090 1906 3157 Maxima
1944 3115 2091 3185 pars
2138 3110 2394 3178 praece-

446 3188 728 3256 dentium
770 3193 1156 3260 Forskahlii
1166 3180 1472 3263 seminum
1512 3200 1638 3265 non
1648 3198 2068 3287 germina'vit3
2122 3202 2392 3267 attamen

444 3305 676 3368 multae
700 3294 903 3369 bonae
933 3316 994 3370 et
1021 3294 1485 3394 aliquot'novae
1517 3334 1582 3377 se
1612 3322 2062 3378 monstrarunt.

449 3478 454 3484 .
535 3413 693 3480 Vale
719 3414 865 3481 cum
898 3418 1137 3503 optimo
1173 3428 1281 3484 tuo
1308 3426 1578 3508 patre'et
1604 3446 1796 3512 perge
1826 3419 2194 3488 me'amare.

624 3525 891 3593 Hafniae
927 3526 997 3592 d.
1027 3529 1072 3592 3
1099 3531 1277 3616 Sept.
1319 3534 1516 3601 1763.
1678 3535 2005 3639 festinante
2034 3537 2300 3601 calamo.
