<?xml version="1.0" encoding="UTF-8"?>
<!DOCTYPE html PUBLIC "-//W3C//DTD XHTML 1.0 Transitional//EN"
    "http://www.w3.org/TR/xhtml1/DTD/xhtml1-transitional.dtd">
<html xmlns="http://www.w3.org/1999/xhtml" xml:lang="en" lang="en">
 <head>
  <title>
</title>
<meta http-equiv="Content-Type" content="text/html;charset=utf-8" />
  <meta name='ocr-system' content='tesseract 3.04.00' />
  <meta name='ocr-capabilities' content='ocr_page ocr_carea ocr_par ocr_line ocrx_word'/>
</head>
<body>
  <div class='ocr_page' id='page_1' title='image "./epistolaeinedit00linngoog_0267.png"; bbox 0 0 2952 5080; ppageno 0'>
   <div class='ocr_carea' id='block_1_1' title="bbox 432 525 2357 637">
    <p class='ocr_par' dir='ltr' id='par_1_1' title="bbox 432 525 2357 637">
     <span class='ocr_line' id='line_1_1' title="bbox 432 525 2357 637; baseline 0.001 -39"><span class='ocrx_word' id='word_1_1' title='bbox 432 556 496 600; x_wconf 69' lang='lat' dir='ltr'><strong>u.</strong></span> <span class='ocrx_word' id='word_1_2' title='bbox 527 556 588 628; x_wconf 64' lang='lat' dir='ltr'><strong>r..</strong></span> <span class='ocrx_word' id='word_1_3' title='bbox 624 525 952 599; x_wconf 63' lang='lat' dir='ltr'><strong>numano</strong></span> <span class='ocrx_word' id='word_1_4' title='bbox 1193 618 1202 637; x_wconf 36' lang='grc' dir='ltr'><strong><em>ι</em></strong></span> <span class='ocrx_word' id='word_1_5' title='bbox 1323 533 1459 598; x_wconf 78' lang='lat'><strong>253</strong></span> <span class='ocrx_word' id='word_1_6' title='bbox 2011 554 2357 599; x_wconf 71' lang='lat' dir='ltr'><strong>munnae.</strong></span> 
     </span>
    </p>
   </div>
   <div class='ocr_carea' id='block_1_2' title="bbox 362 747 2382 1401">
    <p class='ocr_par' dir='ltr' id='par_1_2' title="bbox 362 747 2382 1401">
     <span class='ocr_line' id='line_1_2' title="bbox 362 747 2367 851; baseline 0.001 -26"><span class='ocrx_word' id='word_1_7' title='bbox 362 785 369 791; x_wconf 88' lang='lat'>·</span> <span class='ocrx_word' id='word_1_8' title='bbox 440 760 586 845; x_wconf 90' lang='lat' dir='ltr'><strong>Spei</strong></span> <span class='ocrx_word' id='word_1_9' title='bbox 614 783 792 847; x_wconf 81' lang='lat' dir='ltr'>gazas</span> <span class='ocrx_word' id='word_1_10' title='bbox 839 769 903 824; x_wconf 91' lang='lat' dir='ltr'><strong>et</strong></span> <span class='ocrx_word' id='word_1_11' title='bbox 946 754 1231 851; x_wconf 83' lang='lat' dir='ltr'><strong>detegere</strong></span> <span class='ocrx_word' id='word_1_12' title='bbox 1259 759 1326 823; x_wconf 91' lang='lat' dir='ltr'><strong>in</strong></span> <span class='ocrx_word' id='word_1_13' title='bbox 1352 757 1732 845; x_wconf 81' lang='lat' dir='ltr'><strong>reipublicae</strong></span> <span class='ocrx_word' id='word_1_14' title='bbox 1758 758 2081 825; x_wconf 80' lang='lat' dir='ltr'><strong>utilitatem</strong></span> <span class='ocrx_word' id='word_1_15' title='bbox 2104 763 2203 827; x_wconf 81' lang='lat' dir='ltr'><strong>vel</strong></span> <span class='ocrx_word' id='word_1_16' title='bbox 2235 747 2367 828; x_wconf 86' lang='lat' dir='ltr'><strong>me-</strong></span> 
     </span>
     <span class='ocr_line' id='line_1_3' title="bbox 441 867 2367 957; baseline 0.003 -23"><span class='ocrx_word' id='word_1_17' title='bbox 441 867 683 936; x_wconf 87' lang='lat' dir='ltr'><strong>dioinae</strong></span> <span class='ocrx_word' id='word_1_18' title='bbox 713 871 1111 937; x_wconf 80' lang='lat' dir='ltr'><strong>commodum</strong></span> <span class='ocrx_word' id='word_1_19' title='bbox 1129 921 1146 949; x_wconf 84' lang='lat'>‚</span> <span class='ocrx_word' id='word_1_20' title='bbox 1185 879 1488 957; x_wconf 86' lang='lat' dir='ltr'><strong>quantum</strong></span> <span class='ocrx_word' id='word_1_21' title='bbox 1518 890 1632 956; x_wconf 88' lang='lat' dir='ltr'><strong>pro</strong></span> <span class='ocrx_word' id='word_1_22' title='bbox 1661 871 1825 936; x_wconf 87' lang='lat' dir='ltr'><strong>virili</strong></span> <span class='ocrx_word' id='word_1_23' title='bbox 1848 892 2105 957; x_wconf 88' lang='lat' dir='ltr'><strong>possum</strong></span> <span class='ocrx_word' id='word_1_24' title='bbox 2124 923 2141 951; x_wconf 90' lang='lat'><strong>,</strong></span> <span class='ocrx_word' id='word_1_25' title='bbox 2178 896 2367 941; x_wconf 88' lang='lat' dir='ltr'><strong>oona-</strong></span> 
     </span>
     <span class='ocr_line' id='line_1_4' title="bbox 439 979 2370 1068; baseline 0.001 -21"><span class='ocrx_word' id='word_1_26' title='bbox 439 982 582 1047; x_wconf 84' lang='lat' dir='ltr'><strong>bor.</strong></span> <span class='ocrx_word' id='word_1_27' title='bbox 657 979 1021 1048; x_wconf 79' lang='lat' dir='ltr'><strong>Geram’um</strong></span> <span class='ocrx_word' id='word_1_28' title='bbox 1059 984 1448 1048; x_wconf 80' lang='lat' dir='ltr'><strong>cucullatum</strong></span> <span class='ocrx_word' id='word_1_29' title='bbox 1494 981 1636 1046; x_wconf 83' lang='lat' dir='ltr'><strong>heio</strong></span> <span class='ocrx_word' id='word_1_30' title='bbox 1673 980 2007 1048; x_wconf 81' lang='lat' dir='ltr'><strong>adhibetur</strong></span> <span class='ocrx_word' id='word_1_31' title='bbox 2031 1004 2147 1068; x_wconf 85' lang='lat' dir='ltr'><strong>pro</strong></span> <span class='ocrx_word' id='word_1_32' title='bbox 2178 986 2370 1049; x_wconf 85' lang='lat' dir='ltr'><strong>saoeis</strong></span> 
     </span>
     <span class='ocr_line' id='line_1_5' title="bbox 440 1078 2374 1180; baseline 0.002 -24"><span class='ocrx_word' id='word_1_33' title='bbox 440 1093 894 1159; x_wconf 83' lang='lat' dir='ltr'><strong>emollientibus</strong></span> <span class='ocrx_word' id='word_1_34' title='bbox 917 1103 1169 1163; x_wconf 85' lang='lat' dir='ltr'><strong>externe</strong></span> <span class='ocrx_word' id='word_1_35' title='bbox 1187 1078 1574 1178; x_wconf 47' lang='lat' dir='ltr'><strong>&#39;applicandis</strong></span> <span class='ocrx_word' id='word_1_36' title='bbox 1590 1139 1608 1165; x_wconf 87' lang='lat'><strong><em>,</em></strong></span> <span class='ocrx_word' id='word_1_37' title='bbox 1633 1108 1699 1156; x_wconf 87' lang='lat' dir='ltr'><strong>et</strong></span> <span class='ocrx_word' id='word_1_38' title='bbox 1716 1090 1972 1159; x_wconf 70' lang='lat' dir='ltr'><strong>radixA</strong></span> <span class='ocrx_word' id='word_1_39' title='bbox 1974 1099 2204 1178; x_wconf 77' lang='lat' dir='ltr'><strong>rctopi,</strong></span> <span class='ocrx_word' id='word_1_40' title='bbox 2212 1116 2374 1180; x_wconf 84' lang='lat' dir='ltr'><strong>quae</strong></span> 
     </span>
     <span class='ocr_line' id='line_1_6' title="bbox 433 1203 2382 1297; baseline 0.002 -31"><span class='ocrx_word' id='word_1_41' title='bbox 433 1203 702 1268; x_wconf 84' lang='lat' dir='ltr'><strong>resinam</strong></span> <span class='ocrx_word' id='word_1_42' title='bbox 749 1203 957 1270; x_wconf 83' lang='lat' dir='ltr'><strong>albam</strong></span> <span class='ocrx_word' id='word_1_43' title='bbox 1007 1203 1228 1297; x_wconf 82' lang='lat' dir='ltr'><strong>stillat,</strong></span> <span class='ocrx_word' id='word_1_44' title='bbox 1291 1203 1598 1289; x_wconf 85' lang='lat' dir='ltr'><strong>optimum</strong></span> <span class='ocrx_word' id='word_1_45' title='bbox 1653 1203 1771 1267; x_wconf 88' lang='lat' dir='ltr'><strong>erit</strong></span> <span class='ocrx_word' id='word_1_46' title='bbox 1816 1203 2230 1269; x_wconf 82' lang='lat' dir='ltr'><strong>mundificans</strong></span> <span class='ocrx_word' id='word_1_47' title='bbox 2250 1256 2267 1284; x_wconf 90' lang='lat'><strong>,</strong></span> <span class='ocrx_word' id='word_1_48' title='bbox 2323 1206 2382 1269; x_wconf 64' lang='lat' dir='ltr'><strong>si’</strong></span> 
     </span>
     <span class='ocr_line' id='line_1_7' title="bbox 364 1302 2378 1401; baseline 0 -21"><span class='ocrx_word' id='word_1_49' title='bbox 364 1302 372 1309; x_wconf 57' lang='grc'><em>’</em></span> <span class='ocrx_word' id='word_1_50' title='bbox 435 1311 822 1400; x_wconf 78' lang='lat' dir='ltr'><strong>decoquatur</strong></span> <span class='ocrx_word' id='word_1_51' title='bbox 836 1364 853 1393; x_wconf 89' lang='lat'>‚</span> <span class='ocrx_word' id='word_1_52' title='bbox 907 1316 1094 1381; x_wconf 90' lang='lat' dir='ltr'><strong>etiam</strong></span> <span class='ocrx_word' id='word_1_53' title='bbox 1119 1315 1188 1378; x_wconf 89' lang='lat' dir='ltr'><strong>in</strong></span> <span class='ocrx_word' id='word_1_54' title='bbox 1217 1315 1635 1399; x_wconf 83' lang='lat' dir='ltr'><strong>gonorrhoea.</strong></span> <span class='ocrx_word' id='word_1_55' title='bbox 1710 1314 1874 1401; x_wconf 89' lang='lat' dir='ltr'><strong>Opto</strong></span> <span class='ocrx_word' id='word_1_56' title='bbox 1914 1325 2000 1385; x_wconf 71' lang='lat' dir='ltr'><strong>ut,</strong></span> <span class='ocrx_word' id='word_1_57' title='bbox 2019 1302 2174 1389; x_wconf 78' lang='lat' dir='ltr'><strong>mihi</strong></span> <span class='ocrx_word' id='word_1_58' title='bbox 2193 1317 2378 1381; x_wconf 87' lang='lat' dir='ltr'><strong>lioeat</strong></span> 
     </span>
    </p>
   </div>
   <div class='ocr_carea' id='block_1_3' title="bbox 330 1423 2374 1525">
    <p class='ocr_par' dir='ltr' id='par_1_3' title="bbox 330 1423 2374 1525">
     <span class='ocr_line' id='line_1_8' title="bbox 330 1423 2374 1525; baseline 0.003 -39"><span class='ocrx_word' id='word_1_59' title='bbox 330 1512 339 1525; x_wconf 66' lang='lat'><strong>.</strong></span> <span class='ocrx_word' id='word_1_60' title='bbox 435 1425 501 1489; x_wconf 91' lang='lat' dir='ltr'><strong>in</strong></span> <span class='ocrx_word' id='word_1_61' title='bbox 541 1425 736 1497; x_wconf 84' lang='lat' dir='ltr'><strong>hoooe</strong></span> <span class='ocrx_word' id='word_1_62' title='bbox 762 1425 1193 1511; x_wconf 87' lang='lat' dir='ltr'><strong>promontorio</strong></span> <span class='ocrx_word' id='word_1_63' title='bbox 1218 1446 1592 1510; x_wconf 89' lang='lat' dir='ltr'><strong>permanere</strong></span> <span class='ocrx_word' id='word_1_64' title='bbox 1613 1445 1814 1509; x_wconf 89' lang='lat' dir='ltr'><strong>usque</strong></span> <span class='ocrx_word' id='word_1_65' title='bbox 1841 1423 1922 1491; x_wconf 89' lang='lat' dir='ltr'><strong>ad</strong></span> <span class='ocrx_word' id='word_1_66' title='bbox 1951 1426 2198 1515; x_wconf 86' lang='lat' dir='ltr'><strong>initium</strong></span> <span class='ocrx_word' id='word_1_67' title='bbox 2214 1428 2374 1492; x_wconf 81' lang='lat' dir='ltr'><strong>anni</strong></span> 
     </span>
    </p>
   </div>
   <div class='ocr_carea' id='block_1_4' title="bbox 356 1535 2435 2175">
    <p class='ocr_par' dir='ltr' id='par_1_4' title="bbox 441 1535 2432 1623">
     <span class='ocr_line' id='line_1_9' title="bbox 441 1535 2432 1623; baseline 0.001 -24"><span class='ocrx_word' id='word_1_68' title='bbox 441 1536 648 1616; x_wconf 84' lang='lat'>1774,</span> <span class='ocrx_word' id='word_1_69' title='bbox 702 1537 792 1601; x_wconf 85' lang='lat' dir='ltr'><strong>sio</strong></span> <span class='ocrx_word' id='word_1_70' title='bbox 830 1546 902 1600; x_wconf 82' lang='lat' dir='ltr'><strong>ut</strong></span> <span class='ocrx_word' id='word_1_71' title='bbox 948 1535 1106 1600; x_wconf 90' lang='lat' dir='ltr'><strong>duas</strong></span> <span class='ocrx_word' id='word_1_72' title='bbox 1156 1535 1299 1600; x_wconf 88' lang='lat' dir='ltr'><strong>heic</strong></span> <span class='ocrx_word' id='word_1_73' title='bbox 1346 1537 1583 1621; x_wconf 88' lang='lat' dir='ltr'><strong>possim</strong></span> <span class='ocrx_word' id='word_1_74' title='bbox 1627 1536 1970 1623; x_wconf 81' lang='lat' dir='ltr'><strong>transigere</strong></span> <span class='ocrx_word' id='word_1_75' title='bbox 2019 1547 2277 1603; x_wconf 80' lang='lat' dir='ltr'><strong>aestates</strong></span> <span class='ocrx_word' id='word_1_76' title='bbox 2309 1547 2373 1601; x_wconf 89' lang='lat' dir='ltr'><strong>et</strong></span> <span class='ocrx_word' id='word_1_77' title='bbox 2422 1614 2432 1622; x_wconf 38' lang='grc'><em>,</em></span> 
     </span>
    </p>

    <p class='ocr_par' dir='ltr' id='par_1_5' title="bbox 435 1644 2371 1730">
     <span class='ocr_line' id='line_1_10' title="bbox 435 1644 2371 1730; baseline 0.001 -21"><span class='ocrx_word' id='word_1_78' title='bbox 435 1644 661 1710; x_wconf 90' lang='lat' dir='ltr'><strong>deinde</strong></span> <span class='ocrx_word' id='word_1_79' title='bbox 691 1645 863 1710; x_wconf 84' lang='lat' dir='ltr'><strong>abire</strong></span> <span class='ocrx_word' id='word_1_80' title='bbox 893 1644 975 1710; x_wconf 90' lang='lat' dir='ltr'><strong>ad</strong></span> <span class='ocrx_word' id='word_1_81' title='bbox 1002 1647 1040 1708; x_wconf 86' lang='lat' dir='ltr'><strong>J</strong></span> <span class='ocrx_word' id='word_1_82' title='bbox 1043 1646 1333 1730; x_wconf 84' lang='lat' dir='ltr'><strong>aponiam</strong></span> <span class='ocrx_word' id='word_1_83' title='bbox 1349 1694 1365 1723; x_wconf 88' lang='lat'><strong>,</strong></span> <span class='ocrx_word' id='word_1_84' title='bbox 1417 1644 1528 1709; x_wconf 87' lang='lat' dir='ltr'><strong>ubi</strong></span> <span class='ocrx_word' id='word_1_85' title='bbox 1560 1646 2098 1715; x_wconf 79' lang='lat' dir='ltr'><strong>vehementissime</strong></span> <span class='ocrx_word' id='word_1_86' title='bbox 2128 1646 2371 1712; x_wconf 85' lang='lat' dir='ltr'><strong>deside-</strong></span> 
     </span>
    </p>

    <p class='ocr_par' dir='ltr' id='par_1_6' title="bbox 437 1753 2435 1841">
     <span class='ocr_line' id='line_1_11' title="bbox 437 1753 2435 1841; baseline 0.003 -25"><span class='ocrx_word' id='word_1_87' title='bbox 437 1775 508 1819; x_wconf 92' lang='lat' dir='ltr'><strong>ro</strong></span> <span class='ocrx_word' id='word_1_88' title='bbox 540 1776 776 1821; x_wconf 87' lang='lat' dir='ltr'><strong>annum</strong></span> <span class='ocrx_word' id='word_1_89' title='bbox 814 1776 1012 1819; x_wconf 89' lang='lat' dir='ltr'><strong>unum</strong></span> <span class='ocrx_word' id='word_1_90' title='bbox 1053 1755 1156 1819; x_wconf 86' lang='lat' dir='ltr'><strong>vel</strong></span> <span class='ocrx_word' id='word_1_91' title='bbox 1187 1753 1346 1841; x_wconf 90' lang='lat' dir='ltr'><strong>duos</strong></span> <span class='ocrx_word' id='word_1_92' title='bbox 1368 1763 1572 1818; x_wconf 87' lang='lat' dir='ltr'><strong>terere</strong></span> <span class='ocrx_word' id='word_1_93' title='bbox 1597 1804 1615 1833; x_wconf 87' lang='lat'>,</span> <span class='ocrx_word' id='word_1_94' title='bbox 1668 1755 1734 1817; x_wconf 91' lang='lat' dir='ltr'><strong>in</strong></span> <span class='ocrx_word' id='word_1_95' title='bbox 1758 1777 1901 1820; x_wconf 87' lang='lat' dir='ltr'><strong>rara</strong></span> <span class='ocrx_word' id='word_1_96' title='bbox 1920 1757 2029 1821; x_wconf 83' lang='lat' dir='ltr'><strong>illa</strong></span> <span class='ocrx_word' id='word_1_97' title='bbox 2060 1756 2229 1821; x_wconf 85' lang='lat' dir='ltr'><strong>orbis</strong></span> <span class='ocrx_word' id='word_1_98' title='bbox 2254 1766 2373 1821; x_wconf 87' lang='lat' dir='ltr'><strong>ter·</strong></span> <span class='ocrx_word' id='word_1_99' title='bbox 2431 1786 2435 1790; x_wconf 58' lang='grc'>’</span> 
     </span>
    </p>

    <p class='ocr_par' dir='ltr' id='par_1_7' title="bbox 436 1865 2372 2072">
     <span class='ocr_line' id='line_1_12' title="bbox 436 1865 2372 1955; baseline 0.004 -29"><span class='ocrx_word' id='word_1_100' title='bbox 436 1866 652 1949; x_wconf 90' lang='lat' dir='ltr'><strong>raquei</strong></span> <span class='ocrx_word' id='word_1_101' title='bbox 674 1866 1020 1955; x_wconf 83' lang='lat' dir='ltr'><strong>insularum</strong></span> <span class='ocrx_word' id='word_1_102' title='bbox 1042 1867 1356 1952; x_wconf 77' lang='lat' dir='ltr'><strong>congerie.</strong></span> <span class='ocrx_word' id='word_1_103' title='bbox 1391 1865 1620 1930; x_wconf 88' lang='lat' dir='ltr'><strong>Favori</strong></span> <span class='ocrx_word' id='word_1_104' title='bbox 1644 1874 1753 1933; x_wconf 84' lang='lat' dir='ltr'><strong>tuo</strong></span> <span class='ocrx_word' id='word_1_105' title='bbox 1779 1915 1795 1944; x_wconf 89' lang='lat'>‚</span> <span class='ocrx_word' id='word_1_106' title='bbox 1831 1866 2236 1940; x_wconf 69' lang='lat' dir='ltr'><strong>eeleberrime</strong></span> <span class='ocrx_word' id='word_1_107' title='bbox 2257 1868 2372 1934; x_wconf 90' lang='lat' dir='ltr'><strong>do-</strong></span> 
     </span>
     <span class='ocr_line' id='line_1_13' title="bbox 439 1974 1638 2072; baseline 0.002 -33"><span class='ocrx_word' id='word_1_108' title='bbox 439 1974 603 2040; x_wconf 84' lang='lat' dir='ltr'><strong>mine</strong></span> <span class='ocrx_word' id='word_1_109' title='bbox 627 2026 644 2055; x_wconf 89' lang='lat'>‚</span> <span class='ocrx_word' id='word_1_110' title='bbox 675 1986 905 2072; x_wconf 72' lang='lat' dir='ltr'><strong>memet</strong></span> <span class='ocrx_word' id='word_1_111' title='bbox 930 1974 1440 2049; x_wconf 74' lang='lat' dir='ltr'><strong>commendatum</strong></span> <span class='ocrx_word' id='word_1_112' title='bbox 1466 1977 1638 2041; x_wconf 85' lang='lat' dir='ltr'><strong>volo.</strong></span> 
     </span>
    </p>

    <p class='ocr_par' dir='ltr' id='par_1_8' title="bbox 356 2069 2138 2175">
     <span class='ocr_line' id='line_1_14' title="bbox 356 2069 2138 2175; baseline 0.003 -22"><span class='ocrx_word' id='word_1_113' title='bbox 356 2069 362 2076; x_wconf 40' lang='lat'>⁸</span> <span class='ocrx_word' id='word_1_114' title='bbox 514 2089 621 2171; x_wconf 10' lang='lat' dir='ltr'><strong>&#39;Ex</strong></span> <span class='ocrx_word' id='word_1_115' title='bbox 648 2089 1074 2175; x_wconf 80' lang='lat' dir='ltr'><strong>promontorio</strong></span> <span class='ocrx_word' id='word_1_116' title='bbox 1096 2088 1307 2153; x_wconf 84' lang='lat' dir='ltr'><strong>Bonae</strong></span> <span class='ocrx_word' id='word_1_117' title='bbox 1340 2087 1487 2172; x_wconf 84' lang='lat' dir='ltr'><strong>Spei</strong></span> <span class='ocrx_word' id='word_1_118' title='bbox 1511 2084 1583 2157; x_wconf 82' lang='lat' dir='ltr'><strong>d.</strong></span> <span class='ocrx_word' id='word_1_119' title='bbox 1616 2087 1709 2152; x_wconf 86' lang='lat'><strong>28</strong></span> <span class='ocrx_word' id='word_1_120' title='bbox 1738 2087 1881 2175; x_wconf 86' lang='lat' dir='ltr'><strong>Maji</strong></span> <span class='ocrx_word' id='word_1_121' title='bbox 1918 2090 2138 2159; x_wconf 83' lang='lat'><strong>1772..</strong></span> 
     </span>
    </p>
   </div>
   <div class='ocr_carea' id='block_1_5' title="bbox 876 2315 1913 2349">
    <p class='ocr_par' dir='ltr' id='par_1_9' title="bbox 876 2315 1913 2349">
     <span class='ocr_line' id='line_1_15' title="bbox 876 2315 1913 2349; baseline 0 2731"><span class='ocrx_word' id='word_1_122' title='bbox 876 2315 1913 2349; x_wconf 95' lang='lat' dir='ltr'><strong> </strong></span> 
     </span>
    </p>
   </div>
   <div class='ocr_carea' id='block_1_6' title="bbox 513 2475 1874 2686">
    <p class='ocr_par' dir='ltr' id='par_1_10' title="bbox 513 2449 1874 2686">
     <span class='ocr_line' id='line_1_16' title="bbox 513 2475 1874 2558; baseline -0.001 -22"><span class='ocrx_word' id='word_1_123' title='bbox 513 2477 574 2536; x_wconf 87' lang='lat'><strong>6.</strong></span> <span class='ocrx_word' id='word_1_124' title='bbox 925 2476 1407 2538; x_wconf 88' lang='lat' dir='ltr'><strong>Celeberrimo</strong></span> <span class='ocrx_word' id='word_1_125' title='bbox 1447 2475 1874 2558; x_wconf 82' lang='lat' dir='ltr'><strong>Professori,</strong></span> 
     </span>
     <span class='ocr_line' id='line_1_17' title="bbox 974 2598 1812 2686; baseline 0.004 -16"><span class='ocrx_word' id='word_1_126' title='bbox 974 2598 1304 2670; x_wconf 85' lang='lat' dir='ltr'><strong>Domino</strong></span> <span class='ocrx_word' id='word_1_127' title='bbox 1346 2616 1770 2673; x_wconf 79' lang='lat' dir='ltr'>BURMANNO</span> <span class='ocrx_word' id='word_1_128' title='bbox 1790 2649 1812 2686; x_wconf 87' lang='lat'>‚</span> 
     </span>
    </p>
   </div>
   <div class='ocr_carea' id='block_1_7' title="bbox 836 2724 1940 3049">
    <p class='ocr_par' dir='ltr' id='par_1_11' title="bbox 836 2724 1940 3049">
     <span class='ocr_line' id='line_1_18' title="bbox 1083 2724 1729 2802; baseline 0.002 -23"><span class='ocrx_word' id='word_1_129' title='bbox 1083 2724 1149 2779; x_wconf 89' lang='lat' dir='ltr'><em>F</em></span> <span class='ocrx_word' id='word_1_130' title='bbox 1140 2730 1339 2780; x_wconf 80' lang='lat' dir='ltr'><strong>autori</strong></span> <span class='ocrx_word' id='word_1_131' title='bbox 1363 2731 1575 2802; x_wconf 75' lang='lat' dir='ltr'><strong>optimo</strong></span> <span class='ocrx_word' id='word_1_132' title='bbox 1593 2745 1729 2794; x_wconf 76' lang='lat' dir='ltr'><strong>sue,</strong></span> 
     </span>
     <span class='ocr_line' id='line_1_19' title="bbox 1259 2845 1553 2909; baseline -0.007 0"><span class='ocrx_word' id='word_1_133' title='bbox 1259 2846 1327 2909; x_wconf 89' lang='lat' dir='ltr'><strong>S.</strong></span> <span class='ocrx_word' id='word_1_134' title='bbox 1362 2845 1444 2907; x_wconf 90' lang='lat' dir='ltr'><strong>D.</strong></span> <span class='ocrx_word' id='word_1_135' title='bbox 1475 2846 1553 2908; x_wconf 93' lang='lat' dir='ltr'><strong>P.</strong></span> 
     </span>
     <span class='ocr_line' id='line_1_20' title="bbox 836 2989 1940 3049; baseline -0.003 0"><span class='ocrx_word' id='word_1_136' title='bbox 836 2990 1168 3049; x_wconf 76' lang='lat' dir='ltr'>GAROLUS</span> <span class='ocrx_word' id='word_1_137' title='bbox 1190 2991 1483 3047; x_wconf 83' lang='lat' dir='ltr'><strong>PETRUS</strong></span> <span class='ocrx_word' id='word_1_138' title='bbox 1508 2989 1940 3047; x_wconf 73' lang='lat' dir='ltr'><strong>THUNBERG.</strong></span> 
     </span>
    </p>
   </div>
   <div class='ocr_carea' id='block_1_8' title="bbox 432 3144 2378 4038">
    <p class='ocr_par' dir='ltr' id='par_1_12' title="bbox 432 3144 2378 3590">
     <span class='ocr_line' id='line_1_21' title="bbox 436 3144 2371 3262; baseline 0 -23"><span class='ocrx_word' id='word_1_139' title='bbox 436 3144 683 3240; x_wconf 81' lang='lat' dir='ltr'><strong>Altera</strong></span> <span class='ocrx_word' id='word_1_140' title='bbox 691 3194 831 3259; x_wconf 76' lang='lat' dir='ltr'><strong>Jam</strong></span> <span class='ocrx_word' id='word_1_141' title='bbox 853 3172 992 3237; x_wconf 86' lang='lat' dir='ltr'><strong>viee</strong></span> <span class='ocrx_word' id='word_1_142' title='bbox 1016 3171 1140 3237; x_wconf 85' lang='lat' dir='ltr'><strong>hoc</strong></span> <span class='ocrx_word' id='word_1_143' title='bbox 1162 3193 1327 3245; x_wconf 87' lang='lat' dir='ltr'><strong>anno</strong></span> <span class='ocrx_word' id='word_1_144' title='bbox 1350 3174 1589 3240; x_wconf 85' lang='lat' dir='ltr'><strong>litteras</strong></span> <span class='ocrx_word' id='word_1_145' title='bbox 1621 3174 1705 3240; x_wconf 86' lang='lat' dir='ltr'><strong>ad</strong></span> <span class='ocrx_word' id='word_1_146' title='bbox 1733 3186 1793 3241; x_wconf 88' lang='lat' dir='ltr'><strong>te</strong></span> <span class='ocrx_word' id='word_1_147' title='bbox 1809 3226 1826 3256; x_wconf 90' lang='lat'><strong>,</strong></span> <span class='ocrx_word' id='word_1_148' title='bbox 1865 3178 2074 3240; x_wconf 84' lang='lat' dir='ltr'><strong>fautor</strong></span> <span class='ocrx_word' id='word_1_149' title='bbox 2099 3176 2330 3262; x_wconf 87' lang='lat' dir='ltr'><strong>optime</strong></span> <span class='ocrx_word' id='word_1_150' title='bbox 2354 3227 2371 3255; x_wconf 95' lang='lat'>,</span> 
     </span>
     <span class='ocr_line' id='line_1_22' title="bbox 433 3281 2378 3374; baseline -0.001 -24"><span class='ocrx_word' id='word_1_151' title='bbox 433 3305 688 3351; x_wconf 87' lang='lat' dir='ltr'><strong>exarare</strong></span> <span class='ocrx_word' id='word_1_152' title='bbox 714 3284 861 3348; x_wconf 82' lang='lat' dir='ltr'><strong>lieet</strong></span> <span class='ocrx_word' id='word_1_153' title='bbox 884 3332 900 3359; x_wconf 89' lang='lat'>‚</span> <span class='ocrx_word' id='word_1_154' title='bbox 931 3281 1240 3368; x_wconf 85' lang='lat' dir='ltr'><strong>simulque</strong></span> <span class='ocrx_word' id='word_1_155' title='bbox 1263 3282 1541 3374; x_wconf 79' lang='lat' dir='ltr'><strong>indicare</strong></span> <span class='ocrx_word' id='word_1_156' title='bbox 1568 3336 1584 3363; x_wconf 89' lang='lat'>‚</span> <span class='ocrx_word' id='word_1_157' title='bbox 1621 3294 1851 3350; x_wconf 82' lang='lat' dir='ltr'><strong>memet</strong></span> <span class='ocrx_word' id='word_1_158' title='bbox 1860 3282 1998 3369; x_wconf 83' lang='lat' dir='ltr'><strong>jam</strong></span> <span class='ocrx_word' id='word_1_159' title='bbox 2020 3285 2264 3349; x_wconf 88' lang='lat' dir='ltr'><strong>mittere</strong></span> <span class='ocrx_word' id='word_1_160' title='bbox 2296 3284 2378 3350; x_wconf 90' lang='lat' dir='ltr'><strong>ad</strong></span> 
     </span>
     <span class='ocr_line' id='line_1_23' title="bbox 432 3375 2378 3482; baseline -0.001 -21"><span class='ocrx_word' id='word_1_161' title='bbox 432 3398 687 3461; x_wconf 82' lang='lat' dir='ltr'><strong>hortum</strong></span> <span class='ocrx_word' id='word_1_162' title='bbox 711 3401 988 3459; x_wconf 83' lang='lat' dir='ltr'><strong>vestrum</strong></span> <span class='ocrx_word' id='word_1_163' title='bbox 1013 3413 1156 3457; x_wconf 87' lang='lat' dir='ltr'><strong>oum</strong></span> <span class='ocrx_word' id='word_1_164' title='bbox 1186 3375 1510 3479; x_wconf 78' lang='lat' dir='ltr'><strong>capitaneo</strong></span> <span class='ocrx_word' id='word_1_165' title='bbox 1533 3397 1714 3460; x_wconf 90' lang='lat' dir='ltr'><strong>Dona</strong></span> <span class='ocrx_word' id='word_1_166' title='bbox 1738 3445 1754 3475; x_wconf 90' lang='lat'><strong>,</strong></span> <span class='ocrx_word' id='word_1_167' title='bbox 1791 3396 1901 3482; x_wconf 90' lang='lat' dir='ltr'><strong>qui</strong></span> <span class='ocrx_word' id='word_1_168' title='bbox 1930 3416 2157 3460; x_wconf 88' lang='lat' dir='ltr'><strong>navem</strong></span> <span class='ocrx_word' id='word_1_169' title='bbox 2184 3395 2378 3477; x_wconf 82' lang='lat' dir='ltr'><strong>Hool-</strong></span> 
     </span>
     <span class='ocr_line' id='line_1_24' title="bbox 434 3503 1570 3590; baseline -0.002 -16"><span class='ocrx_word' id='word_1_170' title='bbox 434 3508 628 3574; x_wconf 83' lang='lat' dir='ltr'><strong>Werf</strong></span> <span class='ocrx_word' id='word_1_171' title='bbox 640 3557 657 3585; x_wconf 94' lang='lat'>,</span> <span class='ocrx_word' id='word_1_172' title='bbox 693 3503 1074 3590; x_wconf 83' lang='lat' dir='ltr'><strong>Enkhuysen</strong></span> <span class='ocrx_word' id='word_1_173' title='bbox 1105 3526 1324 3572; x_wconf 85' lang='lat' dir='ltr'><strong>versus</strong></span> <span class='ocrx_word' id='word_1_174' title='bbox 1355 3505 1570 3572; x_wconf 80' lang='lat' dir='ltr'><strong>ducit:</strong></span> 
     </span>
    </p>

    <p class='ocr_par' dir='ltr' id='par_1_13' title="bbox 529 3617 2181 3696">
     <span class='ocr_line' id='line_1_25' title="bbox 529 3617 2181 3696; baseline 0.001 -12"><span class='ocrx_word' id='word_1_175' title='bbox 529 3624 618 3683; x_wconf 89' lang='lat'><strong>1⁰.</strong></span> <span class='ocrx_word' id='word_1_176' title='bbox 669 3618 1012 3684; x_wconf 85' lang='lat' dir='ltr'><strong>Cisternam</strong></span> <span class='ocrx_word' id='word_1_177' title='bbox 1035 3667 1051 3696; x_wconf 90' lang='lat'><strong>,</strong></span> <span class='ocrx_word' id='word_1_178' title='bbox 1078 3617 1442 3682; x_wconf 88' lang='lat' dir='ltr'><strong>herbarium</strong></span> <span class='ocrx_word' id='word_1_179' title='bbox 1474 3619 1715 3683; x_wconf 84' lang='lat' dir='ltr'><strong>siceum</strong></span> <span class='ocrx_word' id='word_1_180' title='bbox 1739 3619 2181 3685; x_wconf 82' lang='lat' dir='ltr'><strong>eontinentem.</strong></span> 
     </span>
    </p>

    <p class='ocr_par' dir='ltr' id='par_1_14' title="bbox 532 3724 2212 3814">
     <span class='ocr_line' id='line_1_26' title="bbox 532 3724 2212 3814; baseline -0.003 -18"><span class='ocrx_word' id='word_1_181' title='bbox 532 3732 628 3796; x_wconf 82' lang='lat'><strong>2⁰.</strong></span> <span class='ocrx_word' id='word_1_182' title='bbox 680 3729 1025 3795; x_wconf 88' lang='lat' dir='ltr'><strong>Cisternam</strong></span> <span class='ocrx_word' id='word_1_183' title='bbox 1048 3727 1233 3792; x_wconf 88' lang='lat' dir='ltr'><strong>variis</strong></span> <span class='ocrx_word' id='word_1_184' title='bbox 1266 3728 1487 3794; x_wconf 86' lang='lat' dir='ltr'><strong>avibus</strong></span> <span class='ocrx_word' id='word_1_185' title='bbox 1518 3724 1860 3813; x_wconf 79' lang='lat' dir='ltr'><strong>majoribus</strong></span> <span class='ocrx_word' id='word_1_186' title='bbox 1887 3730 2185 3814; x_wconf 86' lang='lat' dir='ltr'><strong>repletam</strong></span> <span class='ocrx_word' id='word_1_187' title='bbox 2199 3776 2212 3791; x_wconf 92' lang='lat'><strong>.</strong></span> 
     </span>
    </p>

    <p class='ocr_par' dir='ltr' id='par_1_15' title="bbox 530 3838 2375 3925">
     <span class='ocr_line' id='line_1_27' title="bbox 530 3838 2375 3925; baseline 0.001 -22"><span class='ocrx_word' id='word_1_188' title='bbox 530 3841 624 3903; x_wconf 84' lang='lat'><strong>3⁰.</strong></span> <span class='ocrx_word' id='word_1_189' title='bbox 674 3841 945 3904; x_wconf 88' lang='lat' dir='ltr'><strong>Theeam</strong></span> <span class='ocrx_word' id='word_1_190' title='bbox 988 3838 1327 3903; x_wconf 89' lang='lat' dir='ltr'><strong>seminibus</strong></span> <span class='ocrx_word' id='word_1_191' title='bbox 1373 3839 1747 3925; x_wconf 87' lang='lat' dir='ltr'><strong>eapensihus</strong></span> <span class='ocrx_word' id='word_1_192' title='bbox 1794 3849 1856 3906; x_wconf 88' lang='lat' dir='ltr'><strong>et</strong></span> <span class='ocrx_word' id='word_1_193' title='bbox 1873 3840 2099 3916; x_wconf 77' lang='lat' dir='ltr'><strong>avibus</strong></span> <span class='ocrx_word' id='word_1_194' title='bbox 2129 3841 2375 3908; x_wconf 89' lang='lat' dir='ltr'><strong>minori-</strong></span> 
     </span>
    </p>

    <p class='ocr_par' dir='ltr' id='par_1_16' title="bbox 664 3937 2080 4038">
     <span class='ocr_line' id='line_1_28' title="bbox 664 3937 2080 4038; baseline 0.002 -26"><span class='ocrx_word' id='word_1_195' title='bbox 664 3950 783 4014; x_wconf 89' lang='lat' dir='ltr'><strong>bus</strong></span> <span class='ocrx_word' id='word_1_196' title='bbox 808 4000 824 4028; x_wconf 88' lang='lat'>,</span> <span class='ocrx_word' id='word_1_197' title='bbox 859 3943 1144 4038; x_wconf 74' lang='lat' dir='ltr'><strong>gossypio</strong></span> <span class='ocrx_word' id='word_1_198' title='bbox 1174 3948 1421 4033; x_wconf 87' lang='lat' dir='ltr'><strong>repletis</strong></span> <span class='ocrx_word' id='word_1_199' title='bbox 1446 3999 1462 4029; x_wconf 90' lang='lat'><strong>,</strong></span> <span class='ocrx_word' id='word_1_200' title='bbox 1507 3949 1785 4015; x_wconf 83' lang='lat' dir='ltr'><strong>farotam.</strong></span> <span class='ocrx_word' id='word_1_201' title='bbox 2073 3937 2080 3942; x_wconf 55' lang='grc'><strong>’</strong></span> 
     </span>
    </p>
   </div>
  </div>
 </body>
</html>
