2952 5080
513 491 1031 534 innaunmmto
1402 470 1539 535 216
1655 535 1662 541 ,
1893 510 1900 515 -
1965 508 1970 515 -
2194 491 2447 536 mus.

504 707 783 764 'mortem
809 707 1138 784 parentum
1154 705 1457 783 suppetet
1483 697 1801 762 fortunula
1818 745 1836 775 ,
1871 717 1999 782 qua
2038 718 2186 763 cum
2210 700 2460 785 peculio

496 810 581 873 in
624 811 853 874 itinere
894 818 1113 895 parato
1131 806 1354 894 juncta
1372 858 1389 887 ‚
1444 808 1907 873 honestiuscule
1932 809 2149 873 vivere
2178 812 2452 896 possim3
2545 808 2548 811 ’

500 923 667 986 ‘mihi
713 942 865 1011 vero
911 920 1186 986 mundus
1215 912 1417 1007 pat'ria
1447 931 1582 1000 est,
1636 931 1699 986 et
1725 923 1793 986 in
1819 922 2012 1000 locis,
2062 922 2175 987 ubi
2192 924 2484 989 Naturae

498 1033 804 1119 mysteria
849 1035 1149 1098 exhausta
1179 1043 1325 1096 sunt
1338 1083 1354 1112 ‚
1386 1031 1523 1096 -diu
1556 1033 1768 1099 vivere
1797 1055 1925 1097 non
1949 1055 2246 1119 possum.⁴
2273 1035 2461 1101 Volui

513 1146 722 1230 itaque
761 1143 897 1229 jam
944 1143 1188 1208 dudum
1229 1165 1268 1209 a
1312 1153 1373 1208 te
1426 1144 1747 1229 inquirere
1770 1192 1788 1218 ,
1844 1165 1927 1209 an
1955 1145 2228 1210 obtineri
2262 1147 2459 1232 possit

511 1257 761 1321 licentia
792 1277 830 1320 a
856 1256 1166 1321 Societate
1191 1264 1399 1320 vestra
1429 1253 1650 1319 Indica
1666 1306 1683 1334 ‚
1739 1254 1823 1321 ad
1853 1256 2057 1342 Caput
2081 1258 2162 1321 B.
2197 1259 2343 1341 Spei
2371 1259 2456 1323 vi·

512 1377 643 1432 tam
685 1368 885 1432 ffiere
929 1376 993 1431 et
1038 1367 1307 1430 innocue
1335 1386 1449 1429 suo
1475 1375 1687 1431 sumtu
1717 1365 1984 1450 agendi,
2033 1368 2455 1454 Naturamque

513 1475 966 1562 investigandi?
1010 1473 1418 1569 Respondeas
1449 1475 1604 1540 mihi
1632 1474 1716 1539 ad
1745 1476 1905 1541 haec
1932 1477 2253 1559 occasione
2282 1475 2449 1543 data.

486 1589 609 1652 —Tu
633 1597 802 1653 certe
831 1637 848 1666 ‚
885 1587 936 1650 si
966 1587 1119 1651 illuc
1142 1586 1490 1672 aliquando
1519 1583 1830 1670 trajiciam
1858 1635 1876 1663 ,
1912 1585 1991 1679 de
2016 1585 2295 1672 diligenti
2321 1588 2460 1653 istic

514 1708 859 1765 scrutatore
906 1707 970 1762 et
998 1697 1446 1762 commissario
1474 1706 1694 1761 certus
1715 1719 1855 1785 esse
1882 1699 2140 1784 potetis.
2211 1699 2458 1781 Quanto

512 1812 764 1876 mallem
803 1809 930 1874 illic
948 1807 1085 1893 jam
1121 1829 1258 1872 esse
1289 1858 1305 1885 ‚
1364 1829 1556 1895 quam
1582 1809 1649 1872 in
1676 1809 1935 1896 ingratis
1967 1809 2227 1876 Sibil-iae
2241 1810 2465 1887 deser-

496 1923 592 1985 ‘tis
621 1972 638 2000 ‚
695 1920 806 1986 uhi
832 1940 1033 2005 saepe
1047 1928 1310 1984 centena
1340 1920 1524 2003 plura
1556 1919 1756 1985 stadia
1781 1942 2069 1985 emensus
2097 1922 2205 1987 vix
2226 1923 2468 2007 plantu-

482 2033 641 2096 „lam
692 2033 794 2096 vel
842 2033 1150 2096 insectum
1192 2030 1292 2099 vel
1332 2030 1644 2095 avictdam
1676 2053 1905 2097 novam
1932 2032 2201 2097 Naturae
2229 2033 2467 2118 rigidae

513 2152 881 2229 extorqueo.
960 2139 1222 2206 Invideo
1268 2141 1359 2203 illi
1388 2191 1404 2219 ,
1482 2162 1670 2226 quem
1714 2141 1920 2206 dixisti
1949 2144 1988 2206 J
1990 2128 2279 2228 aponiani
2306 2143 2467 2227 peti-

512 2252 724 2317 turum
758 2263 819 2317 te
841 2261 1242 2337 procurante;
1323 2251 1490 2315 Cura
1513 2302 1529 2329 ‚
1547 2292 1550 2303 ·
1566 2262 1637 2316 ut
1661 2253 1816 2316 mihi
1848 2251 2346 2338 quandocunque
2373 2254 2463 2317 lo·

514 2384 645 2431 cus.
674 2362 929 2429 vivendi
961 2361 1042 2427 ad
1077 2363 1231 2448 Cap.
1265 2363 1346 2427 B.
1382 2363 1529 2448 Spei
1554 2363 1716 2427 liber
1743 2371 1951 2448 pateat
1975 2386 1995 2445 ;
2057 2375 2118 2425 et
2148 2362 2271 2425 eris
2305 2363 2463 2428 mihi

513 2494 780 2561 magnus
806 2470 1071 2558 Apollo!
1097 2506 1188 2519 —
1208 2471 1418 2537 Audio
1449 2470 1827 2537 Solandrum
1855 2469 2113 2566 redfisse
2143 2493 2221 2535 ex
2243 2472 2465 2539 itinere

514 2584 811 2660 australi,
857 2581 1281 2668 ditissimaque
1327 2583 1612 2646 retulisse
1660 2582 1857 2667 spolia
1882 2606 1900 2665 ;
1963 2582 2260 2662 fortunae
2269 2584 2466 2648 ¹amici

511 2696 838 2782 paululum
867 2693 1123 2759 invideo
1146 2746 1162 2773 ‚
1197 2693 1330 2783 ipse
1360 2694 1521 2758 inter
1551 2694 1804 2779 pessimi
1828 2694 2064 2757 itineris
2093 2694 2336 2758 labores
2365 2695 2463 2758 in-

514 2807 715 2870 ventis
745 2805 907 2872 adeo
934 2807 1380 2893 pauperculus,
1421 2842 1511 2853 -—
1555 2802 1793 2869 Actum
1824 2804 1943 2869 fuit
1964 2803 2046 2869 de
2077 2797 2306 2891 itinere
2326 2805 2464 2870 Chi-

517 2917 734 2994 aeusi,
775 2916 946 3002 quod
976 2918 1285 2981 Pekinum
1306 2937 1509 3002 usque
1539 2916 1862 2992 instituere
1887 2917 2088 2999 volui3
2124 2914 2239 2981 sed
2260 2916 2468 2982 adhuc

513 3029 582 3092 in
612 3016 913 3118 suspenso
952 3049 1053 3092 res
1092 3038 1187 3092 est
1209 3079 1225 3106 ‚
1267 3028 1637 3114 praesertim
1660 3036 1918 3112 propter
1952 3025 2244 3091 callidam
2270 3038 2331 3091 et
2361 3049 2467 3092 su-

519 3137 848 3223 spiciosam
870 3138 1236 3223 sapientiam
1265 3137 1590 3202 Chinensis
1624 3138 1802 3201 aulae
1831 3187 1847 3216 ,
1871 3146 1934 3201 et
1961 3137 2108 3221 quia
2137 3138 2464 3224 fugitivam

516 3270 551 3312 e
566 3250 809 3313 nostris
839 3259 1092 3336 gentem
1104 3247 1570 3315 ‚Calmuccicam
1598 3247 1871 3334 benigne
1898 3235 2326 3334 susceperunt.
2399 3251 2465 3316 Si

512 3369 722 3424 tamen
766 3359 1061 3425 succedat
1082 3409 1100 3438 ‚
1159 3362 1278 3425 erit
1306 3360 1466 3423 forte
1500 3380 1883 3445 quoornare
1915 3380 2053 3424 mea
2082 3362 2342 3446 possim.
2375 3398 2464 3409 —-

513 3470 800 3555 A'ccipies
847 3470 1060 3536 adhuc
1106 3471 1265 3535 forte
1315 3473 1539 3535 alteras
1592 3480 1735 3534 ante
1780 3491 1896 3535 ver
1943 3491 1981 3534 a
2011 3493 2111 3535 me
2141 3473 2460 3538 litterulas.

494 3578 647 3643 His.
667 3578 915 3643 interim
968 3581 1108 3645 vale
1148 3581 1344 3644 'etiam
1397 3587 1587 3665 atque
1636 3578 1823 3643 etiam
1869 3588 1931 3643 et
1953 3601 2120 3669 soum
2151 3582 2251 3644 111.
2271 3581 2462 3648 Patre

494 3699 653 3768 tuo,
693 3712 883 3776 quem
919 3690 998 3754 Di
1020 3699 1273 3755 servent
1293 3688 1405 3758 diu
1422 3691 1800 3758 incolumem
1817 3739 1840 3765 ,,
1880 3669 1994 3756 nos
2019 3687 2226 3755 amare
2247 3708 2461 3774 perge.

598 3802 720 3866 PS.
770 3804 950 3866 Unus
971 3823 1007 3864 e
1031 3802 1258 3866 nostris
1278 3853 1294 3880 ‚
1325 3803 1439 3888 qui
1457 3804 1628 3882 circa
1639 3803 1903 3873 Caucasi
1925 3802 2193 3868 confinia
2209 3821 2324 3885 per
2343 3820 2465 3864 ses-

504 3912 626 3997 ·qui
655 3934 899 3977 annum
918 3917 1198 3977 versatus
1220 3921 1317 3976 est
1336 3914 1607 4000 (Doctor
1632 3910 2108 3997 Giildenstaedt)
2132 3910 2469 3976 Botanious
