2952 5080
540 538 568 579 ι
581 563 594 578 .
629 535 964 579 nunmmm
1242 500 1248 506 ’
1467 510 1548 573 10
2146 529 2473 574 minumus,

539 744 915 811 servationes
956 716 1314 824 ejiciebam3
1364 734 1786 823 interrogabat
1815 742 1878 806 et
1900 748 2093 820 quam
2123 736 2307 823 longe
2328 759 2474 803 cum

536 876 610 920 ea
636 850 1070 940 processerim.
1120 849 1263 911 Dixi
1292 869 1393 912 me
1420 847 1622 911 ultimi
1659 845 1791 909 folii
1830 853 2254 911 correcturam
2286 847 2476 911 vidis-

535 986 640 1048 se;
683 961 939 1050 promisi
973 968 1037 1025 et
1059 959 1178 1044 ipsi
1199 958 1404 1044 primo
1428 968 1557 1043 quo
1585 953 1867 1042 prodiret
1897 952 1998 1019 die
2028 956 2370 1041 exemplar.
2417 956 2477 1023 A

535 1075 620 1138 Te
659 1075 872 1159 itaque
895 1120 913 1151 ‚
964 1071 1198 1135 Fautor
1236 1066 1768 1136 Aestumatissime
1787 1116 1805 1145 ,
1865 1067 1976 1152 qui
2028 1063 2478 1133 Amstelodami

530 1183 687 1250 vivis
706 1192 771 1247 et
800 1179 1121 1247 Editor-em
1152 1181 1217 1245 in
1240 1200 1434 1246 manu
1462 1189 1634 1245 tenes
1653 1228 1671 1257 ,
1701 1176 1891 1243 velim
1918 1177 2099 1242 istam
2121 1177 2274 1241 mihi
2294 1198 2477 1263 prae-
2577 1262 2578 1265 Ἴ

529 1304 723 1360 stares
750 1342 769 1372 ‚
844 1312 1036 1378 quam
1085 1293 1245 1357 soles
1270 1342 1288 1372 ‚
1341 1291 1607 1379 gratiam
1654 1298 1718 1354 et
1769 1309 1961 1375 quam
2002 1289 2280 1375 primum
2332 1282 2476 1353 1²10ss

526 1427 601 1470 ra
643 1405 948 1490 impressa
1002 1401 1367 1469 Amsteliam
1406 1400 1800 1488 pervenerit,
1858 1397 2180 1464 Editorem
2221 1417 2477 1493 persua-

528 1511 709 1577 deres
736 1563 755 1592 ‚
805 1522 877 1577 ut
923 1513 1182 1579 unicum
1212 1512 1385 1601 ⁴mihi
1439 1510 1660 1577 offerat
1711 1510 2030 1594 exemplar
2046 1557 2063 1588 ‚
2121 1507 2295 1595 quod
2330 1515 2478 1593 mox

527 1623 768 1688 mittam
811 1622 893 1689 ad
927 1625 1008 1690 D.
1044 1625 1409 1690 Boerhaave
1433 1671 1452 1697 ,
1512 1643 1638 1710 quo
1670 1621 1973 1687 beneficio
2024 1622 2109 1685 Te
2153 1631 2429 1707 praestas
2454 1671 2472 1703 ‚

528 1754 721 1819 quem
759 1734 919 1798 soles
944 1784 960 1814 ,
999 1754 1202 1801 meus·
1271 1733 1484 1799 Doluit
1530 1742 1847 1799 corrector
1893 1752 2074 1796 meus
2099 1780 2118 1810 ‚
2173 1729 2350 1819 quod·
2375 1713 2510 1797 vix*

530 1842 819 1909 crederes
838 1895 855 1925 ,
912 1867 1071 1932 quae
1103 1843 1348 1911 dudum
1391 1854 1673 1911 correcta
1701 1845 1877 1909 fuere
1894 1894 1911 1924 ‚
1955 1840 2315 1909 adhucdum
2362 1841 2481 1906 im·-

528 1973 745 2037 pressa
766 1975 900 2019 esse
917 2005 934 2034 ‚
972 1954 1145 2042 quod
1168 1977 1413 2020 summa
1439 1964 1539 2042 est
1563 1955 1839 2041 nequitia
1862 1952 2255 2040 Typographi
2271 2002 2288 2033 ,
2320 1973 2482 2038 quae

529 2063 613 2127 ab
657 2063 913 2130 Editore
941 2064 1115 2151 justo
1146 2068 1387 2133 calamo
1416 2067 1619 2154 excipi
1649 2066 1840 2155 digna
1869 2075 2054 2131 esset.

422 2176 429 2180 ’
618 2171 850 2242 Audivi
873 2186 934 2241 et
955 2177 1162 2243 varios
1186 2174 1267 2243 de
1286 2189 1397 2242 tuo
1416 2198 1608 2262 opere
1633 2175 2006 2239 disserentes
2024 2224 2040 2254 ,
2068 2176 2186 2239 hos
2209 2172 2439 2261 optime
2457 2226 2475 2254 ‚

528 2286 667 2348 illos
710 2307 899 2371 parce
938 2289 1171 2375 magis:
1219 2285 1446 2351 eadem
1487 2286 1617 2350 fata
1656 2294 1724 2350 et
1762 2306 1907 2349 mea
1921 2283 2219 2350 subitura
2238 2280 2481 2367 dudum

528 2396 677 2459 novi
696 2445 713 2474 ‚
756 2394 867 2460 sed
889 2398 998 2483 qui
1019 2397 1295 2463 scribere
1318 2394 1682 2484 aggreditur
1708 2395 1866 2461 haec
1885 2404 1958 2460 ut
1979 2394 2340 2481 praevideat
2364 2418 2474 2461 an-

525 2513 628 2571 tea
654 2526 906 2571 necesse
931 2516 1047 2572 est.
1113 2506 1273 2589 Quis
1305 2506 1496 2574 fuerit
1517 2527 1824 2594 umquam
1848 2504 2137 2574 laudatus
2168 2507 2433 2594 scriptor
2450 2558 2467 2587 ‚

527 2616 638 2700 qui
681 2638 808 2681 non
855 2638 894 2682 a
934 2619 1061 2682 suis
1102 2616 1432 2703 despectus
1483 2618 1714 2704 saepe?
1765 2639 1883 2683 nec
1918 2627 2013 2683 est
2052 2618 2367 2705 Propheta
2408 2619 2475 2682 in

523 2727 749 2812 patria.
809 2728 919 2793 Isti
948 2729 1129 2815 pueri
1159 2729 1558 2815 nequissimi,
1596 2731 1704 2816 qui
1716 2729 1857 2817 jam
1879 2713 2106 2794 ludunt
2122 2730 2190 2794 in
2212 2728 2433 2815 plateis
2449 2780 2468 2809 ‚

526 2839 723 2905 nostri
751 2839 913 2904 erint
931 2838 1084 2924 justi
1096 2838 1372 2926 judices.
1420 2843 1565 2907 Non
1592 2841 1803 2909 audivi
1821 2843 2031 2908 virum
2059 2839 2318 2906 doctum
2333 2862 2474 2907 um·

527 2970 720 3037 quam
759 2952 1012 3016 alterius
1050 2974 1241 3039 opera
1276 2954 1386 3019 vili
1427 2954 1668 3038 facere;
1725 2975 1827 3019 ars
1852 2975 1982 3019 non
2004 2953 2198 3018 hahet
2226 2973 2476 3019 osorem

526 3060 647 3125 nisi
669 3059 1095 3146 ignorantem3
1136 3065 1346 3129 secula
1363 3062 1772 3149 judicabunt.
1841 3061 1970 3143 Qui
2001 3084 2129 3128 non
2162 3063 2478 3149 scripserit

527 3191 774 3256 semper
813 3169 1013 3239 credit
1057 3193 1126 3239 se
1167 3195 1306 3239 esse
1335 3172 1769 3240 doctissimum
1786 3222 1803 3253 ,
1854 3193 1979 3238 neo
1996 3171 2156 3240 vidit
2177 3194 2248 3238 se
2270 3174 2477 3260 ipsum

526 3289 864 3368 antequam
907 3285 1233 3369 speculum
1277 3287 1591 3371 paraverit
1633 3284 1991 3350 absolutum
2007 3333 2024 3362 ‚
2077 3285 2169 3349 sic
2202 3306 2321 3351 nec
2343 3285 2469 3351 alii.
2583 3265 2600 3275 *-

613 3393 857 3459 Literas
900 3394 1094 3462 habui
1122 3417 1180 3460 ‘a
1216 3396 1647 3463 Scheuchzero
1672 3445 1689 3474 ‚
1738 3395 1847 3481 qui
1875 3390 2478 3484 Agrostographiam

529 3502 808 3587 scripsit,
859 3525 1088 3592 easque
1127 3504 1600 3571 honestissimas
1646 3492 1958 3590 simulque
2010 3514 2278 3591 quatuor
2323 3522 2473 3567 con-

528 3618 625 3674 tra
654 3620 920 3697 systema
938 3637 1161 3699 ,meum
1193 3624 1561 3702 argumenta
1572 3638 1591 3699 3
1645 3611 1731 3680 ad
1754 3634 1916 3700 quae
1948 3611 2329 3700 respondere
2355 3622 2474 3678 mi-

526 3721 594 3786 hi
626 3721 807 3789 facile
830 3732 947 3787 est.
1025 3727 1091 3790 Si
1114 3728 1274 3792 haec
1308 3727 1427 3791 sibi
1458 3737 1769 3794 servasset
1790 3727 1937 3804 soli,
1989 3721 2356 3791 credidisset
2382 3746 2489 3791 me

414 3837 429 3842 “
530 3852 668 3896 rem
697 3834 966 3899 maxime
996 3834 1338 3903 absurdam
1362 3860 1813 3927 propugnasse.

624 3943 1039 4012 Transmissas
1084 3946 1165 4013 ab
1210 3948 1669 4017 Hehenstreitio
1712 3959 1853 4016 ante
1889 3946 2022 4013 dies
2046 3966 2174 4023 non
2205 3935 2292 4012 ita
2312 3931 2481 4012 ‘inul-
