2952 5080
436 576 503 621 ιι.
527 576 603 620 11:
616 572 952 620 mammo
1343 552 1461 618 191
1977 578 1984 583 ·
2117 566 2371 617 mutas.

431 795 497 851 ta
534 793 719 871 atque
755 782 996 846 marina
1035 779 1177 844 alia.
1252 780 1318 844 Si
1357 781 1567 865 itaque
1599 778 1861 846 verbulo
1901 800 2033 873 ιιιειι,Δ
2043 781 2375 845 certiorem

430 896 636 961 facere
666 894 818 960 velis
847 941 863 970 ,
924 911 1049 977 qua
1078 887 1178 952 die
1205 886 1400 975 priori
1425 889 1674 978 negotio
1699 911 1948 954 mecum
1978 890 2045 952 in
2083 890 2243 953 urbe
2275 912 2379 957 va-

431 1025 574 1070 care
620 1002 819 1088 possis
846 1049 863 1079 ‚
923 1019 1173 1085 quaque
1215 996 1518 1083 praedicti
1551 1000 1919 1072 Navarchae
1953 1019 2104 1085 gaza
2135 1000 2378 1083 perlus-

425 1123 592 1178 trare
616 1131 962 1198 queamu8‚
992 1107 1182 1173 modo
1208 1108 1365 1173 illud
1391 1132 1521 1174 non
1546 1106 1626 1173 sit
1647 1119 1794 1175 ante
1831 1109 2187 1195 proximam
2211 1108 2379 1175 diem

432 1225 471 1289 J
473 1245 646 1301 oms
692 1220 1076 1308 praescripto
1116 1229 1397 1311 tempore
1436 1219 1671 1315 adero,
1736 1229 1798 1284 et
1821 1218 2305 1306 quodcumque
2287 1242 2383 1284 ιιι-

428 1333 666 1399 fectum
689 1331 916 1417 reliqui
945 1330 1199 1418 transigi
1229 1331 1482 1414 poterit.

529 1444 751 1510 Inveni
788 1443 855 1507 in
900 1442 1113 1507 Museo
1140 1439 1517 1507 Academiae
1541 1442 1879 1529 Leydensis
1915 1442 2379 1530 Cmypkaenae

428 1556 602 1620 illam
648 1554 962 1640 speciem,
1016 1574 1053 1616 e
1082 1574 1210 1638 qua
1238 1553 1530 1618 immanis
1551 1555 1660 1619 ilia
1685 1555 1919 1667 pinna,
1964 1568 2154 1640 quam
2181 1556 2248 1618 in
2272 1556 2379 1619 Bi

427 1665 741 1731 hliotheca
760 1662 1385 1757 Patris-instigandam
1416 1656 1710 1729 obtulisti
1725 1715 1743 1744 ‚
1777 1656 2063 1731 desumta
2093 1666 2205 1732 est.
2225 1688 2236 1695 “
2254 1652 2382 1732 Sic·

429 1777 551 1842 eati
580 1776 789 1861 piscis
830 1775 983 1853 icon
1004 1773 1341 1840 conficitur
1357 1825 1375 1854 ‚
1436 1775 1936 1861 quamsecundo
1959 1775 2376 1842 miscellaneo-

427 1907 574 1950 rum
592 1885 899 1951 fasciculo
913 1886 1211 1951 inseram.
1262 1880 1509 1953 Vellem
1531 1885 1987 1973 longitudinem
2018 1878 2216 1952 totius
2235 1889 2375 1974 pin*-

429 2003 588 2076 nae³‚
640 1995 990 2085 secundum
1024 2013 1394 2062 mensuram
1446 1995 2007 2076 rhenolandicam‚
2054 2008 2127 2063 ut
2156 2008 2234 2062 et
2246 2000 2377 2064 lon-

429 2108 669 2193 gissimi
703 2105 864 2172 radii
893 2117 960 2171 et
982 2104 1308 2177 radiorum
1337 2124 1673 2172 numerum
1706 2109 1907 2187 scire,
1962 2118 2033 2171 ut
2060 2122 2376 2193 compara

427 2217 662 2281 tionem
680 2217 1004 2281 instituere
1026 2217 1263 2329 possim
1283 2215 1759 2304 magnitudini&
1788 2218 1854 2282 Si
1870 2236 2023 2283 vero
2046 2217 2243 2282 otium
2264 2204 2377 2280 tibi

428 2322 632 2405 desit,
654 2326 904 2411 piscem
928 2322 1137 2425 ipsum
1166 2343 1417 2392 mecum
1447 2323 1990 2392 Amstelodamum
2014 2325 2325 2392 adferam.

442 2488 470 2497 ,,
516 2435 870 2502 Gronovius
893 2445 1107 2501 noster
1135 2434 1218 2502 ad
1247 2445 1313 2502 te
1340 2437 1574 2503 scribet
1599 2439 1767 2527 circa
1794 2439 2037 2523 plantas
2059 2437 2376 2523 Capenses

428 2555 497 2609 et
539 2543 787 2611 Indicas
839 2547 1111 2613 rariores
1137 2598 1154 2628 ‚
1218 2569 1376 2636 ¹quas
1431 2571 1510 2614 ex
1559 2549 1868 2615 Her-bario
1918 2569 2119 2636 nuper
2156 2551 2373 2637 Hagae

348 2661 359 2670 “
427 2656 793 2723 subhastato
837 2651 1184 2743 excerpsit,
1238 2677 1521 2746 quasque
1571 2661 1793 2726 Florae
1832 2671 1973 2726 tuae
1997 2655 2251 2726 Indicae
2282 2660 2372 2722 in-

427 2769 661 2834 servire
685 2784 868 2858 posse
898 2777 1130 2853 sperat.
1197 2769 1541 2856 Singularis
1561 2766 1736 2835 'inter
1756 2772 1908 2836 alias
1938 2781 2034 2835 est
2052 2791 2183 2835 una
2198 2820 2215 2848 ,
2273 2769 2371 2834 fo-

431 2878 528 2942 liis
570 2876 912 2964 imbricatis
937 2928 955 2958 ,
998 2863 1308 2944 ¹subulatis
1337 2929 1355 2959 ,
1413 2880 1591 2966 apice
1636 2880 1912 2944 incurvis
1938 2926 1956 2953 ‚
2005 2879 2071 2942 in
2100 2887 2371 2965 quatuor.

428 2989 785 3058 summitate
832 2983 983 3054 fissa
1025 3011 1235 3055 ramos
1265 3039 1281 3069 ,
1342 3009 1613 3076 quorum
1645 3011 1889 3055 summa
1919 2998 2185 3076 occupat
2206 2988 2367 3076 capi·

428 3099 633 3163 tulum
683 3120 720 3163 e
772 3099 935 3164 foliis
981 3101 1478 3189 intermixtisque
1529 3101 1791 3167 floribus
1823 3100 2190 3189 quadrifidis
2208 3152 2224 3180 ‚
2276 3109 2369 3165 te-

427 3207 1083 3299 transtro-monogyffis
1100 3262 1118 3292 ,
1147 3212 1679 3301 semini-obiongo
1708 3211 1885 3278 fusco
1915 3210 2326 3277 insidentibus
2345 3260 2363 3291 ‚

423 3320 589 3384 intus
610 3323 1149 3408 piloso-papposis.

516 3429 1079 3497 Celeberrimorum
1134 3434 1645 3498 Burmannorum
1699 3421 1918 3498 favori
1951 3431 2096 3496 hae·
2125 3432 2364 3497 litterae

426 3539 792 3628 scriptorem
835 3541 1307 3627 commendent3
1367 3545 1557 3608 Pater
1594 3554 1657 3608 et
1694 3529 1885 3608 Filius
1907 3593 1923 3622 ‚
1980 3543 2208 3607 iterum
2255 3544 2362 3607 ite·

424 3674 692 3750 rumque
742 3656 969 3721 yalete.
1041 3654 1273 3720 Datum
1298 3653 1599 3741 ,Lugduni
1643 3656 1866 3734 Batav.
1892 3652 2060 3741 prid.
2077 3711 2080 3722 .
2096 3652 2355 3730 Calend.

427 3759 596 3851 Aug
637 3766 836 3832 1766
913 3857 1086 3940 Dego
1115 3855 1220 3919 hic
1247 3811 1508 3940 Eeydae‚
1525 3855 1593 3918 in
1621 3852 1811 3918 domo
1841 3853 2004 3920 Galli
2035 3852 2361 3940 cujusdam

961 3963 1214 4030 nomine
1238 3962 1480 4029 Delbar
1505 4014 1523 4043 ‚
1557 3985 1637 4049 φ
1662 3964 1737 4029 de
1764 3965 1950 4051 lange
1975 3964 2264 4051 Bncqqe.
