2952 5080
539 508 803 557 umuro
1032 542 1039 552 .
1460 497 1542 560 16
1989 519 2043 561 J.
2074 520 2462 568 annuamus.

526 717 708 784 binas
728 717 891 806 {oum
919 721 1096 786 novis
1130 722 1251 784 tuis
1278 719 1815 789 dissertationibus
1838 724 2152 791 Botaniois
2196 730 2467 817 reliqua-

531 851 653 917 que
685 833 834 895 olim
864 851 937 896 ae
959 832 1205 917 saepius
1223 834 1553 918 promissa.

618 948 714 1010 En
757 940 859 1010 W
848 944 1302 1031 achendorffiae
1334 969 1547 1012 semen
1577 928 1928 1027 maturum,
1972 948 2151 1036 cujus
2191 954 2468 1039 plantam

528 1060 738 1124 vivam
765 1054 902 1144 jam
944 1067 1006 1122 te
1043 1060 1355 1144 aooepisse
1385 1070 1642 1125 autumo
1660 1110 1677 1139 ‚
1731 1063 2054 1148 laetorque
2076 1062 2189 1127 tibi
2218 1067 2468 1151 plaeere

531 1186 766 1233 novum
810 1168 1006 1232 hoece
1044 1188 1273 1254 genus3
1324 1170 1375 1233 si
1404 1190 1557 1235 vero
1587 1170 1652 1233 in
1681 1156 2206 1254 ejus‘charaotere
2228 1176 2330 1238 vel
2361 1172 2465 1239 de·

528 1285 861 1370 scriptione
893 1283 1203 1370 quaedam
1225 1283 1475 1374 deteges
1500 1287 1709 1352 minus
1732 1297 1900 1414 rect?
1931 1286 2096 1353 dieta
2116 1339 2134 1368 ,
2175 1288 2370 1355 libere
2398 1289 2467 1354 id

533 1396 688 1462 mihi
712 1394 1019 1482 significes
1039 1445 1056 1474 ‚
1085 1397 1298 1462 velim.
1330 1451 1335 1456 .

620 1508 944 1595 Inquiram
982 1509 1051 1572 in
1091 1508 1494 1574 hortulanum
1511 1559 1528 1588 ,
1582 1507 1760 1596 sique
1801 1511 2073 1596 peritum
2098 1513 2468 1598 conquirere
2577 1536 2582 1541 ·

530 1630 749 1709 potero
768 1668 785 1699 ‚
822 1619 932 1705 qui
953 1628 1197 1683 vestras
1217 1628 1428 1704 petere
1457 1620 1608 1686 velit
1636 1629 1833 1686 terras
1857 1671 1875 1700 ,
1903 1619 2220 1687 indicabo.
2324 1668 2330 1676 -

622 1726 727 1794 An
755 1730 958 1794 Theae
986 1710 1171 1793 verae
1198 1729 1406 1793 frutex
1433 1730 1586 1794 olim
1602 1730 1676 1794 in'
1690 1731 1891 1816 patria
1910 1731 2099 1795 fuerit
2122 1732 2344 1803 cultus,
2378 1732 2465 1818 ig-

535 1863 693 1905 noro
732 1862 925 1927 quum
954 1841 1195 1904 fruetus
1232 1861 1351 1905 neo
1391 1839 1578 1904 flores
1601 1837 1825 1908 ederit.
1897 1842 2073 1908 Varii
2095 1842 2272 1906 fuere
2298 1841 2468 1907 fruti-

535 1974 638 2017 ces
662 1950 793 2037 ejus
816 1953 956 2016 loco
985 1951 1265 2017 ventilati
1285 1951 1367 2016 ab
1396 1952 1793 2037 Hortulanis3
1824 1953 1985 2018 forte
1995 1953 2299 2040 Breynius
2320 2004 2336 2032 ‚
2366 1956 2475 2039 qui
2547 2026 2554 2033 „

532 2065 685 2128 olim
725 2085 868 2127 oum
909 2071 1084 2149 patre
1120 2062 1225 2124 hic
1259 2062 1378 2125 fuit
1424 2083 1691 2149 eamque
1716 2062 2046 2149 descripsit
2062 2114 2079 2143 ‚
2117 2085 2267 2130 vera
2293 2064 2472 2128 nobis
2509 2046 2514 2050 ⁸

529 2172 738 2239 dicere
763 2181 1001 2258 posset,
1031 2172 1133 2236 oui
1158 2169 1308 2259 data.
1322 2173 1649 2236 occasione
1673 2193 1747 2236 ea
1772 2170 1852 2234 de
1883 2194 1952 2235 re
1976 2173 2269 2237 scribam.
2322 2175 2465 2258 Spe-

532 2307 606 2349 ro
636 2294 695 2347 te
721 2292 857 2347 tuas
874 2303 1429 2373 possepropagare
1462 2283 1775 2369 floresque
1808 2304 1882 2346 ao
1915 2284 2154 2347 fructus
2187 2282 2470 2348 observa-

533 2416 625 2480 re3
670 2395 865 2480 frigus
891 2382 1058 2455 enim
1083 2393 1228 2457 satis
1258 2395 1503 2458 tolerat.

621 2502 679 2571 A
711 2514 1004 2574 veterano
1027 2504 1326 2570 Botanioo
1357 2526 1561 2592 nuper
1586 2504 1752 2569 dono
1779 2505 1994 2592 accepi
2016 2505 2232 2570 cistam
2268 2513 2467 2571 cente·

531 2618 628 2681 nis
661 2617 897 2702 aliquot
924 2617 1147 2702 plantis
1180 2616 1601 2681 Orientalibus
1630 2616 2104 2702 Hispanicisque
2134 2618 2464 2702 repletam,

532 2749 688 2814 quas
708 2727 856 2791 olim
875 2725 1225 2791 Sherardus
1248 2748 1327 2790 ex
1353 2727 1601 2791 Smirna
1624 2726 1743 2812 ipsi
1768 2726 2061 2805 miserat,
2099 2748 2383 2813 quaeque
2407 2727 2471 2790 in

533 2815 947 2903 Tournefortii
969 2838 1297 2902 corollario
1315 2837 1706 2923 potissimum
1737 2845 2306 2902 commemorantur
2318 2862 2337 2921 3
2367 2834 2474 2901 do·

536 2970 688 3012 num
730 2969 876 3013 sane
910 2948 1064 3011 mihi
1110 2969 1300 3033 quam
1336 2948 1757 3035 gratissimum
1776 2998 1792 3026 ‚
1850 2968 2047 3032 quum
2093 2947 2199 3013 hio
2240 2946 2475 3032 ubique

535 3059 666 3123 fere
691 3056 1136 3131 desiderentur,
1172 3059 1384 3144 plures
1401 3057 1571 3121 enim
1593 3078 1939 3142 numquam
1962 3054 2142 3122 antea
2160 3055 2465 3121 videram.
2497 3047 2502 3054 ¹

628 3171 983 3237 Centuriam
1022 3170 1240 3236 itidem
1292 3179 1581 3256 exspecto
1631 3171 1992 3256 ¹plantarum
2035 3170 2075 3233 J
2077 3169 2476 3235 avanioarum

538 3281 878 3365 siccarum3
925 3280 1101 3346 navis
1133 3280 1300 3343 enim
1322 3276 1460 3363 jam
1506 3279 1573 3342 in
1598 3275 1929 3343 Zeelandia
1963 3276 2235 3364 adpulit3
2285 3276 2472 3345 eredo

539 3394 749 3479 plures
772 3414 965 3458 novas
990 3391 1231 3457 adfore.

629 3504 843 3585 Quum
885 3501 1332 3569 examinaveris
1384 3500 1694 3586 Capenses
1744 3500 1937 3565 siooas
1969 3478 2170 3587 nuper
2200 3483 2309 3563 tib‘i
2334 3499 2473 3562 mis·

540 3635 637 3678 sas
656 3664 673 3693 ‚
712 3614 1132 3678 communices
1150 3663 1166 3691 ‚
1205 3632 1437 3697 quaeso
1460 3662 1476 3689 ‚
1507 3610 1761 3675 nomina
1781 3610 2088 3696 ipsarum,
2118 3629 2278 3695 quae
2305 3609 2423 3672 sois
2450 3660 2467 3685 ,

541 3724 827 3809 generioa
848 3720 1032 3806 juxta
1071 3743 1362 3786 numeros
1404 3720 1728 3786 adnotatos
1750 3771 1766 3799 ‚
1817 3742 1974 3807 quos
2017 3720 2082 3781 in
2117 3717 2309 3803 duplo
2356 3737 2478 3780 ser-

543 3833 711 3897 vavi.
2198 3908 2208 3914 ,

634 3942 731 4005 En
765 3943 989 4007 iterum
1020 3941 1229 4006 icones
1262 3942 1622 4025 Plumierii3
1674 3942 1900 4028 gratias
1928 3959 2044 4026 ago
2068 3959 2185 4024 pro
2220 3938 2479 4042 illustra-
