2952 5080
469 546 533 588 n.
561 546 621 588 ι..
654 540 982 587 suamne
1355 517 1494 583 201
1987 550 2000 562 ι
2146 534 2400 579 mussa

471 750 649 838 quasi
676 771 712 813 e
737 762 961 839 sopore
991 745 1287 809 suscitent
1318 755 1385 809 et
1411 746 1478 810 in
1505 746 1778 832 priorem
1808 751 2033 808 statum
2064 765 2099 807 e
2145 744 2401 829 languo-

471 883 540 926 re
562 861 840 929 animum
862 865 1181 925 revocent.
1209 892 1300 903 —-
1314 854 1551 923 Credes
1576 866 1783 921 tamen
1799 903 1817 929 ‚
1853 855 2131 939 inspecta
2151 852 2252 916 die
2280 855 2403 918 hu·-

460 970 569 1058 jus
599 968 1027 1055 responsoriae
1048 1016 1064 1045 ‚
1117 987 1218 1030 me
1248 965 1424 1031 tarde
1450 967 1796 1033 rescribere
1827 991 1845 1051 3
1891 963 2004 1029 sed
2034 964 2190 1029 scias
2213 965 2408 1029 velim

470 1085 817 1169 epistolam·
836 1091 1008 1147 tuam
1038 1077 1124 1147 ·d.
1183 1081 1268 1146 10
1303 1081 1495 1147 Febr.
1554 1080 1763 1151 datam
1785 1074 1807 1158 Α,
1856 1100 2004 1145 cum
2027 1076 2408 1163 apographis

463 1194 744 1279 priorum
791 1185 1190 1279 epistolarum
1213 1240 1231 1268 ‚
1290 1210 1559 1276 quarum
1596 1190 1988 1255 anteriorem.
2002 1188 2201 1252 solam
2233 1206 2415 1250 acce-1

464 1305 570 1389 pi,
625 1304 775 1371 heri,
794 1300 1049 1381 demum
1070 1300 1173 1389 (d.
1208 1299 1664 1387 5Nnvemhr.)
1721 1302 1975 1365 Moscua
2005 1297 2087 1368 ad
2109 1319 2212 1361 me
2243 1296 2407 1360 dela-

465 1413 854 1489 tamaefuisse„
900 1413 1122 1496 Itaque
1153 1411 1358 1496 potius
1390 1408 1714 1496 expeditus
1732 1411 1816 1513 ‚¹¹¹
1831 1406 2276 1494 respondendo
2302 1429 2410 1474 vo·

465 1523 658 1591 nabor
684 1572 700 1601 ‚
761 1532 824 1586 et
870 1523 1037 1591 hane
1089 1523 1345 1587 omnino..
1391 1520 1644 1586 laudem
1671 1518 1844 1606 apud
1872 1524 1934 1584 te
1957 1521 2186 1585 mereri
2215 1514 2362 1585 volo
2387 1568 2405 1597 ‚

466 1629 850 1752 duplamque
880 1628 1061 1693 adeo
1120 1631 1415 1721 epistolae
1466 1650 1644 1717 meae
1711 1629 2074 1694 mercedem.
2105 1630 2358 1693 referre·
2373 1679 2405 1708 ,‚

469 1762 629 1826 quae
664 1738 802 1824 jam
852 1740 1023 1825 ipso·
1026 1739 1386 1825 gratissimo
1412 1738 1771 1824 scriptionis
1800 1739 2022 1807 officio
2036 1739 2422 1806 scribentem

466 1860 846 1923 remunerat.
1066 1896 1075 1903 -

554 1963 749 2037 Multa
790 1962 901 2035 tibi
922 1962 1263 2035 scribenda
1292 1961 1548 2041 habeo,
1569 1960 1716 2029 sed
1744 1971 1885 2031 ante
1911 1963 2121 2027 omnia
2150 1983 2410 2046 congra-

468 2072 763 2151 tulandus
800 2075 978 2138 mihi
972 2097 1056 2139 es
1064 2072 1163 2138 de
1193 2073 1480 2160 duplici,
1531 2082 1692 2159 quae
1717 2074 1837 2137 tibi
1867 2074 2170 2160 contagia,
2212 2074 2420 2138 fortu-

470 2205 555 2251 na
577 2207 594 2249 ε
616 2194 987 2269 recuperata
1014 2233 1033 2263 ‚
1065 2205 1226 2270 quae
1259 2184 1767 2271 periclitabatur,
1796 2181 2151 2249 valetudine
2175 2232 2191 2261 ‚
2222 2185 2290 2246 et
2307 2181 2422 2247 tle-1

466 2297 593 2360 lato
622 2317 882 2360 munere
900 2345 919 2374 ,
940 2294 1138 2382 cujus
1168 2345 1184 2374 ‚
1223 2304 1366 2382 post
1388 2294 1816 2362 venerandum
1844 2305 2022 2361 tuum
2048 2305 2420 2382 parentem,-

465 2408 776 2479 neminem
820 2416 889 2477 te.
900 2404 1257 2494 digniorem
1273 2407 1532 2494 Belgica
1551 2409 1746 2493 Tyrus
1765 2416 2058 2492 exoptare
2081 2404 2424 2492 potuissete

464 2517 600 2603 Ego
614 2526 840 2602 x‚tamen
867 2566 885 2594 ‚
922 2518 1068 2584 licet
1099 2515 1179 2583 de
1202 2518 1556 2604 posteriore·
1569 2506 1740 2583 haud
1765 2522 1988 2606 parum
2017 2561 2044 2597 ,-
2065 2528 2274 2584 tamen
2294 2570 2311 2599 ,
2341 2516 2426 2584 ut'

466 2649 686 2693 verum
714 2629 915 2693 fatear
946 2677 963 2705 ‚
1002 2626 1098 2696 ,de
1136 2630 1345 2713 priore
1364 2631 1642 2695 ‘maxime
1670 2634 1870 2696 laetor
1897 2681 1915 2709 ‚
1968 2632 2248 2717 mihique
2272 2640 2436 2717 post.

468 2749 753 2824 creptum
792 2735 1305 2802 candidissimum
1341 2739 1777 2803 Schlosserum
1805 2750 2048 2805 tantum
2078 2740 2287 2806 adhuc
2307 2763 2416 2804 su·-

464 2870 713 2933 peresse
766 2848 1038 2914 amicum
1099 2849 1259 2912 inter
1303 2847 1509 2912 bonae
1551 2850 1839 2934 fortunae
1885 2871 2149 2914 munera
2197 2859 2418 2937 gratus

466 2981 761 3046 agnosco,
809 2960 931 3023 Det
951 2959 1140 3024 modo
1171 2961 1340 3024 Deus
1360 3009 1376 3039 ‚
1406 2969 1478 3024 ut
1505 2960 1660 3024 mihi
1694 2961 1840 3025 olim
1861 2959 2082 3026 reduci
2105 2963 2170 3025 in
2191 2962 2419 3027 cultioss

464 3090 565 3133 res
607 3069 775 3135 orbis
818 3080 1025 3155 partes
1065 3071 1336 3136 amicitia
1372 3079 1481 3135 tua
1512 3080 1576 3135 et
1611 3073 1945 3159 peroptimi
1986 3069 2414 3138 celeberrimi-

465 3202 588 3267 que
628 3183 900 3266 parentis
932 3183 1022 3247 tui
1053 3204 1199 3268 erga
1244 3204 1349 3247 me
1393 3181 1830 3249 benevolentia
1855 3235 1872 3263 ‚
1922 3206 2112 3270 quam
2152 3184 2407 3248 maximi

465 3313 710 3378 semper
735 3295 904 3371 feci,
937 3294 1175 3380 perfrui
1201 3303 1264 3359 et
1290 3294 1466 3360 beari
1497 3296 1838 3382 contingat.

550 3405 694 3472 Jam
740 3427 908 3471 nunc
953 3407 1206 3476 tertium
1257 3407 1324 3470 in
1365 3426 1621 3471 annum
1646 3406 1930 3491 iniquum
1953 3406 2085 3469 fere
2111 3407 2410 3492 Sisyphus

471 3540 690 3585 saxum
740 3522 927 3587 volvo
979 3533 1041 3587 et
1095 3541 1382 3590 maceror
1429 3524 1746 3641 desiderio
1785 3520 2118 3609 detegendi
2157 3546 2320 3647 nova
2350 3535 2412 3589 et

460 3762 648 3826 parce
679 3753 1042 3808 occurrunt.
1113 3745 1503 3823 Praeterito,
1561 3746 1795 3816 fateor,
1832 3762 2042 3821 anne,
2104 3765 2299 3829 quum
2329 3742 2413 3809 ad

464 3863 742 3921 austrum
756 3903 775 3929 ,
808 3874 1137 3941 quousque
1161 3854 1480 3920 Ta‘taricae
1512 3853 1771 3941 rapinae
1792 3857 2238 3940 permiserunt,
2274 3866 2412 3921 ten-

466 3958 676 4030 derem
702 4015 720 4044 ,
756 3966 868 4034 ubi
897 3975 1039 4032 ante
1069 3988 1170 4031 me
1201 3987 1389 4031 nemo
1421 3966 1693 4033 Naturae
1722 3967 1981 4055 vestigia
2009 3968 2276 4052 legerat,
2308 3990 2409 4033 cu-
