2952 5080
506 540 773 591 munuc
1417 520 1510 585 29
1995 543 2045 586 s.
2072 540 2458 591 ammaus.

608 830 701 893 15.
824 814 829 817 .
1265 810 1692 891 Doctissimo
1791 904 1794 913 Ι

1142 971 1437 1030 canobo
1479 934 1821 1031 LmNAno
1881 904 1888 911 ⁹
1947 1028 1955 1047 ,⁴

1176 1080 1266 1177 (1.
1302 1080 1846 1177 nummus).
1897 1062 1994 1155 28
2018 1077 2212 1156 Nov
2243 1028 2457 1155 1758.

516 1223 645 1326 Ex
681 1260 899 1327 litteris
952 1260 1076 1325 tuis
1118 1248 1383 1346 septimo
1431 1257 1535 1323 die
1582 1256 1771 1347 hujus
1812 1248 2045 1325 mensis
2095 1254 2178 1325 ad
2228 1280 2330 1322 me
2366 1236 2468 1323 da·

514 1374 591 1437 tis
612 1370 704 1462 (²⁸²)
750 1370 1041 1458 percepi,
1091 1370 1207 1435 tibi
1247 1371 1522 1457 placere
1544 1352 2030 1456 descriptionem
2069 1366 2332 1455 plantae
2347 1352 2473 1432 ele-

511 1483 908 1571 gantissimae
961 1504 1000 1546 a
1039 1503 1141 1545 me
1164 1480 1487 1567 depictae,
1527 1503 1729 1567 quae,
1776 1482 1921 1545 licet
1946 1501 1985 1545 a
2013 1468 2269 1579 reliquis
2301 1476 2472 1541 Ixiae

514 1595 839 1680 speciebus
883 1595 964 1658 sit
1007 1592 1464 1668 diversissima,
1518 1592 1603 1657 ad
1637 1591 1809 1657 idem
1835 1601 2048 1658 tamen
2069 1613 2267 1680 genus
2290 1589 2470 1677 perti-

513 1725 664 1768 nere
687 1705 798 1770 tibi
814 1727 1186 1792 persuasum
1207 1705 1435 1780 habes,
1457 1703 1630 1791 quod
1656 1726 1785 1769 non
1806 1701 2250 1780 credidissem,
2277 1723 2475 1788 quum

508 1817 581 1880 in
602 1819 775 1882 nulla
795 1819 1324 1905 parte'conveniat
1342 1840 1489 1883 cum
1519 1817 1778 1904 reliquis
1802 1817 2083 1881 Ixiarum
2111 1815 2476 1901 capensium

516 1926 876 2010 speciebus3
905 1927 1108 1991 fateor
1128 1976 1144 2005 ,
1183 1906 1655 2012 quodammodo
1679 1928 1978 1993 convenit
1992 1948 2168 1991 more
2196 1947 2472 2011 crescen-

516 2029 584 2125 di
614 2055 761 2098 cum
788 2032 946 2097 Im’a
966 2045 1288 2118 punctam
1310 2083 1326 2113 ,
1379 2032 1492 2098 sed
1513 2034 1631 2098 flos
1657 2036 1910 2099 omnino
1936 2034 2145 2099 differt
2174 2056 2321 2100 cum
2343 2032 2473 2101 tota

515 2141 650 2233 ejus
677 2144 1154 2219 fructificatione
1180 2194 1197 2224 ,
1233 2130 1413 2231 sique
1449 2164 1578 2208 non
1603 2165 1789 2231 aegre
1813 2144 1980 2208 feras
1997 2193 2016 2223 ,
2052 2152 2124 2206 ut
2147 2152 2289 2207 ante
2322 2164 2473 2206 ocu-

514 2250 629 2349 los'
659 2254 771 2319 tihi
816 2277 1170 2343 proponam
1210 2256 1416 2342 primo
1461 2255 1714 2341 spathas
1746 2264 1876 2318 tam
1905 2254 2294 2374 singulares3
2355 2273 2475 2317 nec

515 2386 642 2430 non
688 2366 896 2431 minus
945 2364 1317 2432 admiranda
1359 2374 1452 2430 est
1508 2363 1682 2430 floris
1729 2364 2002 2444 corolla,
2055 2360 2233 2450 cujus
2269 2354 2476 2471 petala

404 2557 410 2566 x
514 2479 761 2590 penitus
788 2480 1106 2560 revoluta,
1147 2478 1228 2545 ad
1252 2499 1401 2550 oras
1431 2477 1783 2558 fimbriata,
1822 2477 1890 2540 in
1914 2474 2124 2559 medio
2150 2476 2391 2543 elevata
2408 2486 2473 2543 et

516 2593 695 2678 quasi
723 2594 1114 2672 ventricosa,
1148 2614 1311 2680 quae
1346 2593 1413 2656 in
1429 2601 1752 2677 punctata
1783 2599 1931 2654 sunt
1959 2590 2288 2688 aequalia,
2318 2581 2471 2662 con*-

515 2722 707 2779 cava‚
759 2701 980 2789 glabra
1030 2711 1093 2766 et
1134 2711 1372 2786 erecta3
1426 2703 1690 2767 stamina
1708 2698 1848 2788 jam
1870 2698 2029 2765 adeo
2062 2675 2349 2780 subtilia,
2397 2710 2472 2765 ut

514 2813 719 2888 visum
752 2812 995 2899 fugiant
1019 2861 1036 2889 ,
1083 2821 1144 2875 et
1176 2814 1474 2878 antherae
1491 2861 1509 2891 ,
1562 2812 1719 2876 alius
1748 2810 1998 2898 penitus
2024 2810 2261 2876 formae
2284 2807 2320 2889 ,'
2348 2810 2470 2875 sub

517 2909 814 3010 filamenti
857 2920 1160 3012 divisione
1189 2923 1310 3012 ipsi
1342 2926 1500 3010 stylo
1535 2924 1784 3010 penitus
1817 2913 2224 3000 incumbunt,
2291 2922 2376 2986 ita
2398 2932 2471 2989 ut

498 3023 843 3126 ademtae„
893 3036 993 3100 vel
1041 3056 1189 3101 cum
1219 3037 1355 3123 ipso
1390 3057 1587 3100 nexae
1618 3033 1951 3100 videantur
1968 3085 1985 3116 ,
2032 3056 2114 3098 ne
2150 3032 2356 3099 dicam
2387 3033 2469 3098 de

519 3144 804 3231 stigmate
833 3157 959 3213 tam
984 3133 1323 3237 singulari!
1393 3150 1662 3213 Fructus
1684 3197 1702 3222 ,
1738 3145 1911 3236 quod
1940 3147 2191 3242 attinet,
2222 3148 2469 3234 penitus

519 3251 727 3318 differt
742 3280 760 3340 3
805 3267 899 3321 est
950 3255 1119 3321 enim
1149 3259 1405 3345 capsula
1445 3260 1733 3346 elongata
1756 3268 1819 3321 et
1848 3258 2228 3329 acuminata,
2287 3251 2464 3340 cujus
2543 3307 2551 3322 Ι

519 3347 619 3430 axi
654 3364 860 3432 medio
896 3370 1135 3434 semina
1163 3368 1506 3434 adhaerent
1533 3369 1974 3447 minutissima,
2026 3387 2310 3454 quaeque
2337 3372 2464 3429 tota

519 3476 753 3561 spathis
775 3477 1111 3545 involvitur
1130 3531 1146 3556 ,
1175 3502 1371 3567 quum
1387 3453 1454 3544 in
1462 3489 1782 3564 punc-tata
1807 3478 2011 3563 specie
2030 3476 2320 3559 capsulae
2342 3475 2464 3539 sint

518 3586 725 3653 nudae
759 3591 1144 3656 ventricosae
1176 3593 1518 3660 subovatae
1554 3600 1617 3654 et
1642 3589 1944 3671 obtusae;
1998 3588 2050 3650 si
2079 3587 2211 3673 ipse
2240 3585 2461 3653 florem

518 3699 882 3763 examinasti
903 3750 920 3778 ,
936 3711 1144 3787 quem
1165 3701 1277 3765 tibi
1302 3702 1532 3788 liquori
1554 3698 1830 3764 infusum
1861 3699 2240 3784 vasculoque
2265 3707 2463 3764 totum

552 3941 557 3946 ⁴
603 3865 674 3945 (²¹¹)
715 3851 999 3950 Epistola,
1044 3845 1210 3948 quam
1246 3864 1338 3925 hic
1378 3877 1648 3926 memorat
1680 3865 1738 3926 J.
1772 3863 2154 3944 Burmannus,
2193 3864 2252 3927 in
2276 3837 2464 3926 nostra

525 3959 849 4024 collectione
875 3984 988 4023 non
1015 3961 1308 4046 reperitur.
