2952 5080
448 549 714 595 minuo
1119 604 1125 619 ι
1371 522 1462 589 49
1817 546 1883 589 u.
1912 548 1967 592 1..
1993 544 2380 592 noemma.

430 792 431 795 =
488 742 686 822 ‘'Moit
714 774 789 819 ac
823 761 961 817 tuas
986 749 1198 836 accepi
1228 739 1368 812 mis‘i
1393 748 1476 814 ad
1504 750 1948 832 sthennium,
1998 753 2109 840 qui
2132 740 2382 842 respon-
2426 804 2430 809 -

450 865 642 931 debat
659 915 677 944 ‚
707 863 916 928 literas
937 860 1028 924 ibi
1052 858 1272 932 fuisse,
1301 856 1413 922 sed
1438 880 1544 924 eas
1569 861 1695 927 hoc
1712 852 1897 926 mane
1916 882 1955 926 a
1972 861 2246 947 quodam
2260 913 2278 945 ,
2307 885 2388 931 ex

449 966 758 1039 mandatis
814 969 892 1034 Di
928 970 1203 1034 Momma
1246 964 1437 1032 fuisse
1482 972 1809 1055 exceptas3
1857 965 2130 1057 ideoque·
2175 973 2385 1037 nullus

454 1083 673 1148 dubito
690 1131 707 1160 ‚
733 1081 884 1167 quin
900 1081 1021 1145 rite
1038 1078 1434 1166 pervenerint
1448 1079 1550 1144 vel
1568 1079 1933 1164 perveniant
1952 1076 2124 1145 hisce
2137 1078 2358 1146 diebus
2368 1131 2384 1147 .

543 1195 756 1279 Nuper
804 1190 979 1256 mihi·
998 1187 1038 1254 e
1076 1186 1416 1255 seminibus
1444 1198 1648 1254 ·enata
1681 1198 1776 1254 est
1808 1192 2021 1276 planta
2043 1190 2181 1265 illa,
2232 1212 2393 1278 quae

456 1302 627 1390 apud
674 1298 896 1366 Feuill.
950 1298 1187 1386 penem.
1231 1297 1458 1381 dicitur
1502 1296 1960 1364 Hememcallzte
2004 1298 2353 1387 Pelaqm'na
2368 1349 2387 1374 ,

458 1431 619 1499 quae
641 1411 802 1475 fonte
829 1411 993 1473 inter
1018 1408 1257 1495 primas⁴
1273 1405 1458 1493 hujus
1484 1407 1710 1493 speciei
1732 1408 1801 1471 in
1820 1408 2099 1493 Europa.
2233 1428 2236 1431 ·

499 1509 502 1514 ’
548 1523 643 1584 De
670 1522 761 1585 eis
778 1568 794 1594 ,
830 1518 911 1584 de
931 1516 1159 1605 quibus
1184 1517 1567 1582 mentionem
1590 1517 1875 1583 fecisti'in
1891 1517 2151 1604 epistola
2169 1567 2186 1597 ,
2212 1538 2398 1582 num-

459 1648 654 1717 quam
675 1631 827 1695 mihi
847 1630 1037 1694 subiit
1057 1629 1346 1717 cogitatio
1368 1653 1388 1715 3
1418 1650 1764 1715 numquam
1787 1629 2030 1714 explico
2051 1629 2398 1721 amicorum

463 1738 654 1808 verba
678 1737 751 1807 in
773 1736 1009 1809 malum
1031 1764 1306 1809 sensum.
2137 1758 2142 1765 ‘
2351 1758 2379 1765 ·’

506 1866 511 1871 ’
553 1854 703 1917 Mihi
749 1855 856 1920 vix
895 1857 1119 1923 horam
1148 1846 1420 1927 'relictus
1463 1854 1557 1918 fui
1593 1875 1709 1941 per
1727 1863 1930 1919 totum
1957 1856 2128 1921 hunc
2147 1863 2398 1937 autum·

338 1974 341 1979 ’
468 1982 658 2065 num3
712 1955 894 2047 spero
926 1962 1099 2049 quod
1126 1954 1311 2027 liceat
1348 1954 1471 2027 'sub
1500 1963 1669 2028 feriis
1699 1964 1951 2030 Floram
1977 1964 2401 2051 Lapponic'am

469 2073 824 2136 examinare
841 2123 856 2151 ‚
883 2082 954 2137 ut
982 2093 1123 2137 eam
1145 2074 1349 2159 prima
1378 2082 1527 2138 cu'm
1551 2095 1712 2164 nave
1738 2076 1981 2138 mittere
2014 2094 2284 2160 queam..
2401 2100 2406 2107 ‘¹

480 2204 488 2213 ·
516 2196 529 2209 ’
560 2180 733 2266 Opto·
775 2176 865 2245 ut'
884 2174 1063 2247 brevi
1099 2183 1250 2245 felix
1285 2190 1348 2245 et
1376 2202 1590 2266 sospes
1617 2182 1945 2267 pervenias
1977 2181 2043 2244 in
2067 2179 2409 2248 venerandi

468 2292 750 2356 Parentis
780 2293 896 2355 Tui
910 2293 1273 2378 amplexus.

557 2402 954 2490 Regenfussii
977 2425 1132 2490 opus
1159 2401 1487 2490 possideo,
1539 2400 1651 2466 sed
1681 2423 1811 2466 non
1832 2401 2279 2489 descriptiones
2303 2402 2414 2466 ali-⁵

467 2535 579 2594 aa,
622 2536 811 2601 quam
834 2537 988 2603 quas
1021 2513 1193 2580 dedit
1220 2517 1302 2580 D.
1332 2514 1826 2620 Kratzenstein.

500 2615 811 2690 Debitas
843 2615 978 2689 Tibi
1013 2628 1250 2704 refero,
1308 2624 1483 2711 quod
1521 2648 1624 2690 me
1653 2624 1822 2711 apud
1850 2627 1933 2691 D.
1965 2569 2418 2730 Sprenglerum

469 2727 919 2801 commendasti
948 2734 1034 2799 ad
1063 2738 1385 2823 conchylia
1417 2735 1786 2801 obtinenda

562 2851 807 2917 Dabam
827 2852 1117 2937 Upsaliae
1153 2852 1325 2919 1760
1342 2851 1419 2915 d.
1454 2853 1539 2916 12
1559 2851 1946 2916 Decembris,

561 3116 675 3200 ²72
738 3189 743 3196 δ
798 3190 804 3196 ,
1028 3079 1031 3084 ’
1202 3095 1315 3172 Cl.
1342 3115 1680 3196 LmNAEo

1348 3222 1564 3310 (3.1)

1042 3365 1119 3419 N.
1146 3366 1215 3418 L.
1229 3345 1733 3441 BURMANNUS)
1830 3348 1930 3426 29
1949 3344 2172 3417 Febr.
2206 3297 2412 3412 1761.

482 3490 740 3602 Nuper
769 3536 914 3581 cum
946 3516 1204 3600 domum
1245 3541 1535 3586 reversus
1580 3520 1811 3583 fuerim
1834 3525 1896 3580 et
1919 3513 2127 3578 multis
2148 3509 2340 3606 licet
2319 3530 2416 3572 m-

479 3624 828 3692 commodis
849 3626 1164 3691 interdum
1179 3630 1299 3693 iter
1318 3651 1532 3693 meum
1552 3617 1927 3703 [absolverim
1945 3672 1961 3700 ,
1994 3620 2077 3686 ad
2089 3622 2418 3686 Parentem

481 3759 695 3803 meum
719 3740 927 3806 salvus
952 3747 1015 3802 et
1043 3739 1370 3802 incolumis
1393 3737 1553 3802 redii
1574 3786 1592 3815 ‚
1629 3735 1983 3821 invitusque
2011 3728 2417 3818 tempus-diu-

482 3848 605 3912 tius
624 3899 640 3928 ‚
667 3853 926 3935 propter
948 3847 1232 3913 sordidas
1252 3847 1381 3913 vias
1401 3857 1464 3911 et
1480 3845 1909 3933 intemperiem
1927 3846 2085 3911 aeris
2109 3845 2301 3909 hacce
2315 3863 2418 3905 an-

485 3957 554 4019 ni
575 3948 933 4046 tempestate
963 3959 1414 4047 peregrinatori
1443 3947 1648 4054 minus
1677 3943 2025 4038 faventem,
2060 3955 2421 4042 protrahere
2521 4021 2528 4028 ⁴

1656 4068 1824 4134 4.
