2952 5080
848 726 1526 897 EplsToLAE-
1545 757 2081 903 PALLAsn
2111 767 2235 881 (η

802 1008 923 1144 Ν.
970 1018 1098 1144 ἐι.
1161 1008 1278 1145 121ss
1329 1063 1419 1145 J.
1482 1004 2284 1153 BURMANNUM}

672 1434 722 1472 1.
768 1408 775 1417 ’
1238 1410 1269 1425 ”
1325 1409 1804 1475 celeberrimo
1893 1432 1899 1445 ·

968 1547 1418 1609 nmmum
1447 1523 1812 1609 sonamus
1834 1501 2034 1608 Filio
2056 1587 2077 1623 ‚

1502 1661 1570 1725 S.
1661 1658 1666 1679 ²
1981 1655 1988 1669 ²

1062 1791 1353 1850 remus
1390 1792 1650 1879 ειιιιοΝἱ
1671 1795 1974 1883 Ρμῳ.

581 1926 820 2036 Quum
853 1984 1027 2031 nunc
1052 1964 1296 2051 Leydae
1322 1966 1441 2031 sim
1472 2017 1489 2046 ‚
1550 1965 1668 2033 ubi·
1685 1987 1800 2053 per
1822 1968 2145 2037 octiduum
2173 1972 2273 2038 vel
2303 1970 2467 2038 ultra
2492 2023 2510 2052 ‚

576 2072 1152 2139 concinnandamm
1193 2076 1448 2140 iconum
1487 2080 1682 2162 gratia
1707 2082 2081 2146 commorari
2113 2083 2354 2147 animus
2385 2093 2476 2146 est
2494 2132 2511 2161 ‚

575 2186 1079 2274 quandocunque
1121 2188 1235 2252 tihi
1268 2190 1671 2256 commodum
1701 2192 1890 2257 fuerit
1912 2243 1929 2268 ‚
1979 2191 2517 2259 Amstelodamum

572 2316 688 2382 per
724 2296 960 2382 aliquot
990 2296 1123 2362 dies
1148 2294 1518 2365 commeabo
1546 2350 1562 2378 ‚
1617 2296 1844 2387 partim
1874 2294 1955 2366 ad
1987 2302 2260 2367 notanda
2284 2295 2514 2368 anima·

572 2403 659 2468 lia
689 2404 894 2470 'Musei
920 2407 1121 2472 Patris
1151 2410 1394 2494 liquore
1425 2418 1668 2493 servata
1694 2459 1712 2488 ,
1762 2411 1989 2494 partim
2017 2409 2102 2475 ‘ad
2125 2410 2455 2476 ‘lustranda
2486 2463 2504 2492 ‚

572 2511 653 2579 de
683 2516 909 2603 quibus
940 2517 1147 2584 dixisti
1174 2569 1192 2596 ‚
1220 2521 1275 2585 N
1277 2520 1582 2606 avarchae
1612 2518 2206 2588 Amstelodamensis
2234 2523 2510 2612 zoophy-

650 2729 723 2809 (*)
766 2731 955 2791 Plures
982 2730 1164 2814 adjeci
1189 2731 1411 2791 Pallasii
1434 2777 1450 2805 ‚
1482 2731 1682 2791 summi
1706 2732 1858 2812 illius
1884 2732 2129 2793 Naturae
2154 2733 2470 2793 scrutatoris
2485 2776 2509 2809 ,

570 2828 829 2910 epistolas
858 2827 1006 2887 lectu
1028 2873 1045 2902 ‚
1092 2828 1152 2886 ni
1172 2827 1337 2888 fallor
1355 2872 1376 2904 ,
1414 2826 1786 2909 dignissima&
1841 2828 2112 2903 Quamvis
2139 2827 2287 2886 enim
2299 2827 2463 2910 plura
2488 2873 2506 2901 ‚

571 2944 711 3005 quae
754 2923 847 2983 hic
893 2922 1041 2984 dicta
1086 2936 1243 2996 sunt,
1310 2924 1476 2983 etiam
1517 2925 1576 2983 in
1621 2924 1842 2983 Pallasii
1892 2921 2043 2983 edito
2092 2924 2288 2983 itinere
2326 2925 2512 3001 (Reice

571 3018 753 3075 durch
780 3019 1166 3077 verschiedene
1191 3019 1527 3077 Provinzen
1550 3021 1645 3084 des
1669 3019 2016 3078 Russischen
2043 3020 2269 3090 Reme,
2303 3019 2507 3078 Peters-

571 3107 715 3193 burg
749 3112 1140 3196 1771—1776
1157 3158 1178 3190 ,
1218 3113 1333 3173 vol.
1366 3115 1458 3173 ΙΙΙ
1483 3158 1505 3190 ,
1546 3112 1653 3191 4²⁰)
1672 3115 1789 3195 jam
1806 3113 2020 3195 publici
2032 3114 2173 3195 juris
2193 3114 2338 3174 facta
2364 3115 2470 3173 sint
2481 3159 2500 3190 ,

572 3208 837 3292 epistolae
870 3221 1053 3268 tamen
1071 3253 1088 3282 ,
1130 3215 1198 3265 in
1242 3215 1364 3285 szso
1387 3207 1703 3276 itiner-ead
1724 3209 1963 3267 amicum
1987 3208 2224 3290 scriptae
2248 3254 2264 3281 .,
2310 3209 2508 3268 mirum

570 3302 709 3388 quid
741 3302 1027 3363 habebant
1046 3347 1065 3378 ,
1115 3322 1224 3385 quo
1264 3322 1351 3361 me
1377 3291 1993 3383 legentem’alliciehant
2025 3324 2311 3387 meamque
2332 3302 2512 3363 admi-

571 3399 843 3458 rationem
867 3395 1142 3478 augehant
1166 3416 1294 3476 erga
1320 3395 1658 3455 indefessum
1683 3395 1839 3455 illum
1865 3397 2171 3478 Zoiilogum
2195 3412 2251 3457 et
2284 3398 2511 3459 Botani-

572 3512 728 3567 cum,
759 3495 884 3577 qui,
914 3513 1017 3575 per
1042 3492 1228 3575 plures
1257 3511 1429 3550 annos
1456 3492 1518 3550 in
1540 3490 1920 3552 desertissimis
1943 3492 2178 3554 Sibiriae
2199 3493 2335 3570 locis
2356 3514 2509 3553 com-

570 3603 813 3649 moratus
836 3634 852 3661 ,
899 3587 1004 3648 sub
1037 3587 1194 3647 coelo
1229 3586 1714 3646 inclementissimo
1763 3600 1845 3646 tot
1893 3601 2151 3670 tantaque
2203 3586 2276 3646 ad
2303 3609 2506 3646 ornan-

575 3684 705 3746 dam
746 3699 907 3767 atque
953 3683 1400 3766 amplificandam
1442 3683 1750 3744 Historiam
1776 3684 2094 3744 Naturalem
2115 3681 2402 3766 praestitit.
2427 3717 2509 3728 —

573 3779 792 3840 Harum
836 3781 1018 3862 itaque
1064 3780 1422 3862 epistolarum
1442 3825 1462 3855 ,
1515 3801 1653 3862 quae
1692 3791 1980 3862 praeterea
2016 3778 2185 3836 multa
2225 3775 2509 3837 continent

574 3875 722 3936 circa
761 3898 936 3935 mum
970 3876 1284 3957 plantarum
1309 3891 1365 3936 et
1399 3875 1807 3936 distinctionem
1835 3873 2174 3933 diversarum
2200 3871 2510 3952 specierum

576 3982 716 4030 caet.
735 4014 752 4044 ‚
794 3956 1092 4031 lectionem
1118 3970 1239 4029 aliis
1267 3997 1283 4044 5
1312 3969 1392 4029 'ut
1420 3970 1589 4043 mihi,
1637 3968 2069 4050 acceptissimam
2094 3966 2212 4026 fore
2232 3964 2503 4047 judicavi.
