2952 5080
544 489 598 534 s.
629 492 960 538 scamno
1479 472 1523 535 6
2140 492 2461 540 manuus.

532 850 537 853 Α
621 795 684 876 4.
1110 876 1115 879 x
1172 797 1346 863 Viro
1389 797 1800 860 Clarissimo

989 944 1063 1000 D.
1113 945 1189 1001 D.
1236 943 1529 1007 JOANNI,
1556 941 2013 1014 BURMANM),
2088 941 2098 952 ’

781 1051 1037 1126 Medico,
1069 1051 1404 1129 Profiesori
1424 1062 1486 1112 et
1503 1052 1785 1112 Botanz’eo
1818 1051 2194 1111 CeleberrInw
2209 1095 2227 1126 ‚

1226 1155 1485 1217 Fautori
1511 1153 1769 1233 Optimo.

1345 1282 1413 1345 S.
1441 1282 1541 1345 Pl.
1566 1279 1648 1343 D.

1302 1410 1700 1493 LINNAEIJS.

533 1557 801 1662 Literas
830 1607 1066 1662 vestras
1091 1648 1108 1677 ‚
1137 1608 1210 1663 ut
1231 1609 1293 1662 et
1319 1601 1751 1667 transmissum
1782 1600 2171 1667 Thesaurum
2202 1598 2470 1683 Zeylani·

532 1705 745 1771 uicum
761 1727 878 1794 per
895 1707 1030 1771 Dm
1044 1707 1414 1776 Cliffortium
1434 1709 1653 1790 habui,
1673 1711 2036 1797 gratiasque
2060 1729 2333 1773 summas
2354 1728 2472 1794 pro

530 1838 775 1883 summa
795 1828 1004 1885 vestra
1022 1820 1088 1883 in
1111 1841 1213 1886 me
1234 1820 1611 1908 benignitate
1635 1800 2031 1906 max'imoque
2058 1841 2273 1909 amore
2298 1800 2472 1882 num-

529 1951 719 2015 quam
756 1952 884 1995 non
924 1952 1132 2018 agam.
1218 1933 1513 1999 Gratulor
1544 1954 1700 2020 opus
1735 1942 2014 1999 vestrum
2038 1932 2433 2018 Zeylanicum
2451 1980 2469 2009 ,

524 2040 698 2127 quod
735 2045 945 2130 magni
987 2044 1148 2108 facio
1201 2053 1262 2108 et
1313 2045 1540 2110 faciam
1556 2095 1573 2125 ‚
1628 2054 1758 2123 tam
1789 2047 2054 2109 feliciter
2086 2042 2469 2130 procedere3

521 2151 611 2215 nil
634 2153 831 2240 magis
856 2173 958 2217 me
981 2153 1354 2218 exhilararet
1371 2203 1387 2230 ‚
1427 2175 1620 2238 quam
1645 2150 1804 2215 illud
1836 2150 1919 2215 ad
1948 2152 2319 2219 umbilicum
2339 2171 2478 2237 per-

523 2261 783 2326 ductum
807 2265 1118 2328 evolvere.
1182 2262 1404 2329 Evolvi
1427 2272 1491 2326 et
1513 2248 1877 2327 transmissa
1894 2310 1912 2335 ,
1951 2282 2113 2348 quae
2140 2270 2204 2324 et
2223 2261 2474 2326 raritate

523 2371 818 2436 materiae
837 2422 854 2451 ,
902 2381 964 2436 et
988 2381 1096 2457 ¹tot
1129 2372 1288 2437 raris
1317 2371 1604 2438 obscuris
1626 2422 1643 2451 ,
1684 2371 1823 2458 jam
1849 2371 2166 2456 explicatis
2192 2371 2419 2456 plantis
2444 2421 2461 2450 ‚

524 2502 590 2546 se
613 2478 1103 2569 commendavit3
1136 2491 1201 2548 at
1222 2481 1404 2548 doleo
1435 2503 1538 2546 me
1570 2502 1698 2548 non
1721 2479 1931 2545 omnia
1948 2529 1965 2560 ‚
2006 2488 2167 2567 quae
2194 2480 2261 2544 in
2282 2500 2469 2545 usum

522 2603 765 2659 vertere
781 2615 1030 2680 possem
1048 2644 1064 2673 ‚
1085 2602 1214 2658 tam
1233 2595 1354 2659 cito
1376 2614 1711 2680 excerpere
1726 2614 1934 2680 posse,
1955 2593 2236 2679 excerpsi
2259 2601 2470 2658 tamen

528 2705 828 2770 nonnulla
844 2704 1166 2792 ‘videoque
1188 2704 1424 2792 ubique
1447 2706 1535 2770 Te
1566 2705 1838 2770 amicum
1860 2713 2039 2769 tuum
2069 2686 2347 2769 animum
2370 2725 2469 2768 er-

522 2841 603 2906 ga
635 2839 737 2883 me
760 2816 1077 2882 declarare
1102 2826 1194 2881 tot
1215 2818 1430 2905 elogiis
1447 2866 1464 2896 ,
1508 2827 1599 2882 tot
1620 2817 2096 2904 allegationibus
2114 2866 2131 2896 ‚
2170 2826 2243 2880 ut
2267 2817 2471 2881 solum

524 2927 770 2993 doleam
790 2978 807 3008 ‚
854 2948 956 2991 me
986 2929 1053 2991 in
1079 2929 1312 2992 mutuis
1334 2926 1724 3014 praestandis
1751 2926 1967 2991 officiis
1998 2927 2106 2992 vix
2126 2948 2343 3013 parem
2375 2947 2472 2991 es-

527 3060 619 3103 se.
693 3039 759 3103 Si
791 3038 929 3103 Tibi
969 3047 1214 3124 tempus
1238 3038 1542 3123 supersit,
1589 3058 1821 3124 quaeso
1854 3035 2062 3101 adhuc
2085 3037 2277 3100 semel
2301 3036 2472 3102 evol—

523 3166 636 3212 vas
671 3148 927 3212 hortum
961 3145 1409 3211 Malabaricum
1442 3155 1506 3210 et
1530 3147 1816 3212 conferas
1842 3167 1990 3211 cum
2019 3146 2142 3210 tuis
2168 3145 2472 3210 citationi-

523 3258 644 3324 bus
663 3309 680 3338 ‚
734 3259 894 3323 forte
945 3277 1109 3321 unus
1163 3257 1265 3321 vel
1310 3258 1466 3321 alter
1498 3278 1796 3322 numerus
1839 3257 2002 3320 inter
2029 3254 2234 3320 errata
2262 3264 2473 3343 posset

527 3369 783 3457 corrigi,
807 3364 1238 3432 tantummodo
1263 3386 1424 3452 quae
1449 3366 1531 3432 ad
1553 3368 1810 3456 paginas
1835 3377 2135 3454 spectant.
2173 3368 2315 3432 Scio
2339 3366 2468 3450 qui-

528 3475 674 3543 dem
715 3480 913 3545 hocce
950 3476 1180 3541 nullius
1222 3497 1357 3540 esse
1389 3480 1690 3543 momenti
1726 3489 1790 3543 et
1818 3480 1948 3543 fere
1977 3476 2145 3543 idem
2166 3526 2182 3556 ‚
2225 3477 2276 3540 si
2299 3476 2470 3539 nulla

528 3595 757 3681 pagina
787 3614 1092 3680 umquam
1113 3593 1489 3682 allegaretur
1509 3603 1952 3681 praeterquam
1975 3602 2193 3659 auctor
2216 3638 2234 3669 ‚
2260 3599 2469 3653 tamen

531 3704 583 3767 si
607 3713 850 3790 tempus
881 3711 1042 3798 esset
1071 3702 1181 3765 tibi
1205 3704 1515 3770 sufficiens
1539 3716 1602 3770 et
1630 3707 1754 3773 hoc
1775 3726 2013 3794 posses·
2076 3702 2340 3766 Nomina
2363 3722 2471 3787 ge-

529 3812 769 3890 nedea,
806 3825 974 3896 ‘quae
1005 3830 1169 3875 nova
1201 3810 1353 3877 dicis
1383 3837 1485 3879 me
1517 3816 1856 3881 confecisse
1874 3865 1890 3893 ‚
1946 3819 2090 3876 sunt
2120 3810 2470 3895 antiquissi-

531 3947 635 3991 ma
672 3923 1080 4012 Theophrasti
1130 3925 1230 3988 vel
1271 3926 1690 4012 Dioscuridis3
1758 3936 1964 3990 tamen
2010 3944 2173 3989 nova
2212 3931 2472 4009 possunt
