2952 5080
415 585 678 631 amnuo
888 600 891 609 ·
1330 567 1418 635 67
1474 560 1482 565 ’
1759 594 1822 634 ιι.
1859 591 1918 632 ι..
1947 590 2332 635 nummos.

414 795 706 859 miseram
721 841 736 871 ,
752 791 924 856 nulla
937 791 1222 876 provenit
1237 814 1255 875 3
1283 792 1467 877 plura
1482 803 1692 860 tamen
1711 796 1947 861 rariora
1963 798 2159 863 hocce
2177 818 2344 864 anno

414 904 712 983 floruere,
765 911 837 966 ut
875 898 1220 966 Helzetms
1237 950 1255 980 ‚
1301 900 1775 969 Hebenstreitia
1789 926 1832 980 ,‘
1861 904 2162 981 Cer-hera,
2193 926 2346 992 ‘pro··
2397 928 2402 935 ·

411 1017 704 1101 venitque
740 1034 817 1077 ex
848 1011 1081 1077 Indicis
1109 1012 1446 1078 seminibus
1484 1014 1751 1079 Datum
1785 1010 1942 1081 flore
1971 1017 2137 1083 flavo
2155 1067 2171 1093 ,
2202 1014 2345 1082 'cau-

411 1128 473 1190 le
512 1124 820 1191 maculato
862 1145 1181 1211 purpureo
1194 1174 1211 1203 ,
1247 1144 1437 1211 quam
1475 1126 1710 1190 Parens
1743 1122 2098 1212 ‘numquam
2118 1125 2346 1193 vidisse

407 1233 588 1314 dicit,
619 1234 730 1301 sed
753 1256 912 1321 quae
943 1236 1115 1298 nulla
1146 1243 1387 1300 matura
1409 1234 1703 1322 produxit
1728 1238 1965 1302 semina
1983 1248 2008 1315 ,ἱ
2027 1237 2347 1323 habuique

405 1344 687 1412 omnium
712 1344 1200 1431 pulcherrimam
1229 1366 1426 1411 novae
1457 1342 1523 1409 Z
1527 1350 1751 1411 inuias
1768 1347 2039 1432 speciem
2056 1396 2073 1425 ,
2101 1349 2210 1412 vel'
2234 1348 2346 1411 sal·

406 1467 535 1521 tem
576 1442 936 1521 &arietat'em
950 1506 967 1534 ,
1002 1455 1299 1521 foliorum
1323 1450 1528 1520 forma
1558 1465 1620 1520 et
1641 1455 1961 1521 crescendi
1981 1452 2175 1521 modo
2197 1477 2348 1521 cum

407 1564 497 1631 Z.
522 1580 693 1652 pe‘ru
705 1554 898 1631 viana
928 1568 1400 1632 convenientem
1415 1617 1430 1645 ,
1481 1562 1875 1633 multitudine
1902 1577 1966 1632 et
1993 1566 2209 1634 colore
2240 1562 2348 1631 flo-

409 1699 554 1742 rum
586 1679 855 1743 maxime
885 1674 1231 1761 diversam,
1216 1701 1230 1717 ·
1264 1670 1489 1743 coioris
1511 1679 1678 1743 enim
1707 1701 1788 1743 ex
1803 1681 2092 1745 coeruleo
2114 1698 2351 1766 purpu-

409 1790 706 1854 rascentis
742 1788 930 1856 flores
966 1809 1003 1856 a
1044 1809 1256 1853 mense
1293 1785 1455 1874 Majo
1492 1786 1574 1855 ad
1597 1782 1778 1855 hune
1790 1786 1991 1876 usque
2026 1787 2193 1853 diem
2232 1790 2351 1853 ele
2331 1808 2362 1839 ³

401 1906 628 1982 gentes
648 1884 1132 1981 producentem,
1157 1899 1325 1961 ultra
1338 1899 1625 1961 centum
1605 1920 1674 1963 m
1688 1894 1936 1986 singula
1957 1901 2202 1984 planta,
2233 1897 2366 2010 sub·

406 2000 523 2071 dio
542 2009 1088 2092 transplantatam,
1119 2028 1281 2092 quae
1300 2002 1604 2093 tepidario
1633 2004 1764 2073 sata
1792 2004 2040 2077 fuerat.

499 2104 623 2182 Bis
638 2118 1060 2221 pulcherrima
1074 2113 1370 2202 jamdum
1397 2110 1734 2182 habuimus
1745 2120 1998 2183 semina
2018 2139 2096 2182 ex
2114 2116 2353 2204 Aegyp⁴

409 2238 474 2293 to
521 2250 560 2293 a
607 2227 869 2293 domino
897 2229 1067 2293 Prof.
1099 2229 1398 2307 Forskal,
1436 2200 1656 2294 Danici
1681 2227 1921 2316 Regis
1891 2248 2077 2315 Jussu
2105 2229 2356 2294 Parenti

409 2359 551 2402 meo
591 2346 953 2425 procurata,
1015 2337 1177 2401 inter
1225 2358 1387 2424 quae
1439 2332 1716 2422 plurima
1750 2354 1913 2405 nova
1935 2359 2214 2425 genera,
2241 2358 2353 2401 nu-

406 2469 649 2534 perque
683 2446 929 2535 scripsit
962 2469 1042 2511 ex
1070 2436 1287 2527 Cairo,
1314 2466 1396 2512 se
1436 2449 1617 2513 tertia
1638 2449 1782 2515 vice
1797 2470 1913 2535 per
1939 2438 2362 2535 mercatorem

412 2560 873 2632 transmisisse,
909 2580 1068 2646 quae
1118 2568 1324 2623 tamen
1373 2559 1658 2625 nondum
1694 2554 1881 2625 allata
1906 2560 2115 2623 fuere·
2096 2608 2115 2644 ,
2168 2560 2349 2625 mira-

412 2692 558 2735 mur
574 2722 591 2750 ,
624 2665 814 2757 quam
843 2679 1167 2735 accuratus
1204 2671 1281 2734 sit
1310 2671 1376 2733 in
1399 2669 1768 2736 definiendis
1806 2671 1973 2735 notis
1998 2665 2305 2757 specificis
2326 2720 2343 2748 ,

414 2802 603 2868 quam
639 2783 872 2869 peritus
906 2782 973 2845 in
998 2780 1447 2868 distinguendis
1471 2834 1490 2862 ,
1535 2803 1983 2869 speramusque
2011 2780 2146 2867 ejus
2176 2781 2356 2845 itine-‘

408 2892 646 2955 rarium
671 2892 864 2955 latina
889 2891 1102 2977 lingua
1129 2885 1689 2975 proditurumfore
1707 2942 1724 2970 ,
1753 2889 1924 2978 quod
1955 2890 2224 2976 plurima
2243 2910 2348 2953 no-

410 3024 492 3068 va
521 3010 584 3064 et
598 3001 734 3065 huc
758 3021 958 3087 usque
985 3001 1197 3089 ignota
1227 3003 1545 3067 continere
1578 3001 1766 3067 debet
1781 3026 1799 3087 3
1839 3001 2034 3067 adibit
2053 3002 2127 3066 'in
2144 3000 2358 3066 reditu-

408 3111 629 3197 Caput‘
651 3111 851 3177 bonae
892 3114 1023 3198 spei
1048 3163 1064 3190 ,
1107 3107 1441 3200 literasque
1482 3112 2015 3178 commendatitias
2042 3111 2220 3177 dedit
2254 3133 2354 3177 ca:

410 3223 692 3287 rissimus
717 3244 892 3287 meus
920 3225 1155 3289 Parens
1174 3223 1263 3289 -ad
1284 3217 1783 3290 Gubernatorem
1799 3274 1816 3304 ,
1855 3245 2014 3309 quae
2042 3223 2211 3287 om'ni
2238 3224 2347 3287 Ιιιιὲ

411 3333 705 3397 manitate
734 3330 865 3416 ejus
884 3327 1162 3399 indolem
1178 3327 1202 3414 ,⁴
1233 3353 1393 3420 quae
1423 3334 1688 3399 Hafniae
1722 3333 2026 3418 imprimis
2066 3333 2346 3416 mihi‘ap-

406 3444 643 3530 paruit,
695 3442 925 3529 optime
955 3443 1274 3509 declarant
1289 3495 1305 3522 ,
1347 3443 1645 3531 quodque
1676 3437 2109 3507 tantummodo
2135 3439 2350 3503 =Histo-'

408 3556 537 3620 riae
579 3555 875 3620 naturalis
918 3574 1134 3620 caussa
1174 3553 1322 3622 illuc
1346 3555 1700 3631 advenerit,
1749 3544 1867 3617 nec
1891 3550 2148 3628 dubito,
2171 3547 2349 3635 quin

412 3670 582 3733 omni
608 3670 882 3745 honore,
911 3673 984 3731 ut
1020 3676 1329 3747 meretur,
1357 3667 1448 3732 ibi
1479 3665 1843 3772 recipietur,
1881 3657 2347 3727 Gubernatoris-

414 3801 536 3864 que
565 3780 899 3844 amicitiam
922 3760 1296 3863 experietur.

504 3892 739 3958 Salutat
777 3901 863 3956 te
852 3890 1160 3955 dominus
1194 3888 1273 3954 de
1313 3864 1540 3953 Gorter
1561 3939 1576 3967 ,
1623 3886 1771 3951 olim
1801 3884 2142 3971 discipulus
2166 3895 2338 3962 tuus,

411 4001 525 4085 qui
543 4050 559 4080 ,
582 4011 653 4066 ut
668 4002 779 4065 tibi
800 4002 1036 4088 absque
1055 3997 1250 4068 dubio
1268 4010 1484 4068 notum
1496 4048 1512 4073 ‚
1532 3996 1842 4084 Petropoli
1865 3995 2085 4076 redux,
2105 3997 2168 4059 in
2187 3996 2344 4061 urbe

1622 4116 1666 4178 5
1696 4111 1728 4148 *
