2952 5080
472 561 526 608 .ι.
554 557 891 603 numano
1414 538 1543 604 159
2081 505 2411 605 manus.

460 787 620 853 opus
660 775 724 830 et
769 763 1012 831 tabulas
1052 760 1245 829 credo
1281 762 1451 849 apud
1476 765 1574 831 Cl.
1602 773 1923 831 auctorem
1937 762 2189 851 jacere3
2238 766 2414 833 deest

457 899 612 943 vero
651 877 993 963 bibliopola
1016 926 1033 955 ‚
1089 876 1200 962 qui
1251 896 1410 962 opus
1453 898 1701 943 summo
1742 876 1961 966 labore
2001 887 2219 943 natum
2261 881 2414 946 velit
2484 963 2491 967 ἢ

455 992 797 1078 suscipere.
2490 1075 2497 1080 .

548 1102 721 1182 Quas
760 1101 886 1165 hoc
932 1119 1100 1164 anno
1134 1097 1422 1185 expedivi
1453 1103 1700 1186 plantas
1727 1099 1984 1185 proprio
2007 1098 2220 1164 libello
2245 1098 2410 1166 dabo

448 1208 799 1295 descriptas
820 1260 837 1291 ‚
886 1209 997 1296 qui
1019 1208 1305 1274 nondum
1328 1210 1587 1297 prodiit.
1640 1212 1802 1275 Sunt
1818 1218 2029 1274 autem
2057 1210 2412 1275 rarissimae

444 1343 791 1410 earumque
815 1343 947 1387 non
969 1343 1206 1408 paucae
1232 1343 1434 1389 novae
1453 1348 1472 1407 ;
1519 1342 1807 1388 summae
1838 1321 2009 1387 enim
2031 1332 2097 1388 et
2115 1320 2412 1387 horridae

442 1435 706 1521 perenni
735 1433 953 1523 ,glacie
988 1436 1163 1522 alpes
1210 1431 1526 1500 adeuntur
1549 1485 1567 1514 ‚
1616 1456 1655 1500 a
1689 1434 1941 1499 nemine
1981 1435 2288 1499 hactenus
2309 1454 2409 1499 ex·
2455 1419 2469 1466 ⁸·

438 1553 684 1613 missae.
731 1547 815 1611 Et
842 1546 909 1611 in
956 1567 1032 1611 eo
1073 1545 1283 1612 studio
1305 1569 1569 1635 pergam
1589 1546 1831 1634 aliquot
1852 1553 2026 1612 certe
2049 1546 2254 1612 annis.
2302 1547 2411 1611 Iu-

441 1659 627 1724 terim
656 1656 971 1724 Allionius
992 1679 1213 1725 eorum
1242 1660 1444 1727 multa
1465 1660 1536 1725 in
1563 1680 1681 1725 sua
1701 1658 1996 1746 stirpium
2017 1656 2409 1725 Pedemontii

439 1767 703 1836 historia
726 1766 896 1835 edet.

403 1903 406 1906 ·
471 1967 476 1970 .
528 1878 684 1944 Mihi
730 1878 1165 1966 Physiologiae
1199 1881 1511 1945 elementa
1546 1879 1756 1965 primo
1792 1889 1947 1946 sunt
1964 1876 2357 1967 expedienda
2384 1928 2403 1958 ,

444 1987 674 2082 deinde
709 1988 792 2056 ad
829 1988 1084 2054 Enum.
1106 1986 1317 2076 Stirp.
1344 1992 1572 2056 helvet.
1593 1989 1898 2056 accedam
1923 2040 1943 2070 ‚
1996 2010 2189 2077 quam
2211 1997 2407 2055 totam

441 2100 525 2167 ab
568 2101 711 2166 imis
757 2101 1131 2168 subversam
1172 2122 1404 2169 novam
1456 2100 1626 2166 dabo
1646 2151 1665 2182 ,
1716 2100 1968 2190 rejectis
2010 2100 2407 2187 potissimum

442 2211 758 2276 sterilibus
796 2211 1183 2298 synonymis.
1331 2287 1332 2290 Ἴ

530 2323 1101 2388 Excellentissimus
1117 2321 1368 2386 libellus
1388 2320 1469 2386 de
1495 2322 1744 2389 Venere
1768 2324 2130 2409 plantarum
2147 2341 2186 2384 a
2209 2319 2402 2382 Koel-

442 2441 692 2498 reutero
714 2442 810 2498 est
829 2432 1037 2499 editus
1068 2483 1086 2513 ‚
1129 2433 1493 2522 germanice
1513 2483 1531 2512 ‚
1569 2434 1721 2499 alias
1752 2434 2086 2499 misissem.
2136 2431 2403 2495 Multum

442 2556 698 2633 superat
718 2548 929 2613 omnia
942 2598 960 2627 ,
997 2569 1161 2634 quae
1181 2549 1249 2612 in
1275 2569 1349 2613 ea
1372 2569 1443 2612 re
1466 2549 1772 2613 hactenus
1793 2546 2214 2635 possidemus.

531 2656 689 2724 Vale
710 2664 776 2723 et
794 2679 898 2724 me
919 2706 938 2736 ,
968 2667 1041 2722 ut
1063 2659 1226 2722 soles
1248 2678 1415 2724 ama.
1465 2657 1687 2723 Roche
1709 2659 1790 2723 21
1821 2659 1979 2724 Dec.
2016 2657 2214 2725 1761.

1722 2782 2049 2841 HALLER.

520 3020 581 3083 8.
953 3018 963 3025 ’
1131 3040 1190 3095 J.
1231 3006 1683 3096 nmmo.

436 3162 738 3281 Accepi,
779 3196 1143 3261 Burmanne
1174 3192 1534 3260 Clarissime
1558 3237 1577 3267 ,
1617 3208 1655 3252 a
1680 3184 1808 3250 filio
1836 3186 1970 3250 Tuo
1997 3214 2019 3264 ·,
2061 3186 2202 3251 viro
2226 3206 2397 3273 egre·

434 3304 539 3392 gio
564 3355 581 3385 ‚
617 3306 898 3386 semina]
926 3328 1045 3392 pro
1073 3303 1304 3394 quibus
1325 3301 1470 3367 Tibi
1489 3298 1718 3387 gratias
1737 3316 1882 3383 ago.
1933 3295 2239 3373 Hortum,
2275 3296 2397 3360 nisi

435 3416 674 3502 alpinas
722 3415 1031 3504 quasdam
1076 3419 1322 3502 plantas
1337 3462 1356 3488 ,
1410 3433 1543 3478 non
1583 3408 1831 3487 habeo.
1883 3427 2088 3492 neque
2115 3402 2274 3469 adeo
2294 3406 2395 3472 his

434 3525 663 3595 divitiis
691 3529 785 3594 uti
812 3549 1097 3615 possum.
1172 3528 1386 3609 Quare
1411 3545 1488 3588 ea
1519 3540 1667 3588 cum
1707 3519 1877 3584 bona
1915 3519 2047 3581 Tua
2070 3517 2256 3584 venia
2277 3517 2393 3582 Oe·

434 3634 588 3703 dero
613 3638 760 3704 misi
782 3638 1105 3721 Hakiam.

518 3750 660 3816 Hoc
681 3771 847 3817 anno
871 3800 888 3829 ‚
917 3758 1060 3837 post
1081 3747 1383 3812 collatum
1407 3743 1564 3808 mihi
1594 3735 1992 3805 Gubernium
2016 3734 2344 3824 Aquilejae
2367 3789 2384 3817 ‚

395 3863 684 3937 ,omnino
722 3850 852 3928 non
899 3861 1075 3948 potui
1104 3860 1238 3924 ullo
1285 3854 1476 3921 modo
1509 3853 1754 3941 plantas
1778 3870 1948 3933 meas
1980 3849 2174 3915 siccas
2199 3849 2392 3914 extri-

431 3991 598 4036 care.
669 3970 865 4058 Spero
898 3973 1026 4040 hoc
1045 3991 1196 4039 vere
1226 3989 1375 4035 eum
1396 3964 1552 4034 mihi
1583 3972 1951 4052 pergratum
1982 3960 2265 4029 laborem
2296 3962 2393 4027 fo-
