2952 5080
559 557 620 599 J.·
645 547 984 599 aunuum
1413 528 1541 594 160
1768 559 1774 564 ·
2116 563 2123 568 2
2156 553 2510 603 <nstramus

561 786 632 828 re
672 784 816 827 meo
841 762 1101 827 arbitrio
1131 781 1156 839 ‚¹
1196 779 1403 844 neque
1425 755 1543 821 Tui
1569 754 1927 821 obliviscar.
1995 759 2086 824 Ea
2108 769 2309 825 aestas
2332 765 2511 829 raris-

549 874 746 938 'si'mas
761 915 766 924 ·
781 875 1032 959 plantas
1077 870 1315 956 alpinas
1361 867 1515 931 mihi
1539 865 1795 945 tribuit,
1845 869 2174 951 pauciores
2198 871 2454 957 quidem
2483 900 2503 960 ;

453 1071 458 1076 Ι
559 986 798 1049 semina
840 970 1149 1048 difficilius
1187 979 1569 1065 colliguntur
1597 1028 1613 1055 ‚
1662 998 1806 1041 oum
1833 999 1908 1042 eo
1941 988 2222 1066 tempore
2246 984 2351 1049 vix
2376 984 2509 1051 abs·

559 1119 683 1184 que
726 1097 1005 1182 periculo
1052 1100 1294 1156 montes
1318 1090 1550 1156 summi
1582 1087 1899 1155 adeuntur
1927 1140 1944 1169 ‚
1993 1092 2249 1177 quando
2273 1098 2512 1163 semina

559 1209 845 1294 stirpium
875 1205 1198 1272 excidunt.

600 1321 626 1356 ·'
649 1316 1173 1384 Emendationum
1215 1317 1375 1380 forte
1425 1315 1484 1381 V
1529 1314 1932 1392 fasciculum,
1993 1317 2046 1380 si
2098 1317 2296 1384 otium
2336 1320 2505 1400 erit,

560 1429 746 1496 edam
761 1431 883 1494 hae
906 1431 1158 1494 aestate.
1209 1426 1470 1490 Interim
1490 1423 1589 1489 ad
1595 1423 2005 1491 recolendum
2024 1447 2330 1515 magnum
2353 1450 2511 1516 opus

557 1543 818 1629 propius
857 1537 1116 1605 aooedo.
1153 1538 1325 1603 Non
1361 1548 1575 1604 tamen
1616 1545 1857 1623 potero
1870 1539 2053 1624 prius
2069 1551 2153 1604 eo·
2169 1540 2387 1660 labore
2410 1540 2514 1607 de-

558 1653 776 1739 fungi,
807 1655 1004 1739 'quam
1031 1651 1322 1715 absoluta
1339 1650 1430 1713 sit
1456 1649 1878 1735 Physiologia.
2432 1677 2437 1684 ·
2470 1675 2477 1684 ·

645 1766 859 1850 Nuper
885 1766 1154 1830 Tomum
1178 1763 1209 1824 I
1232 1761 1697 1848 opusculorum
1716 1760 1799 1827 ad
1822 1763 1909 1827 Te
1937 1707 2312 1829 mittendum
2332 1765 2517 1832 cura-

558 1875 660 1952 vi,
710 1896 902 1961 quem
942 1871 1373 1960 Physiologiae
1407 1873 1642 1936 Tomus
1676 1873 1737 1939 V
1770 1894 1902 1936 non
1938 1873 2126 1954 valde
2154 1875 2403 1940 'einin'u's'
2429 1899 2517 1943 se·

555 1983 800 2069 quitur..
836 1983 1015 2070 Ego
996 2005 1068 2047 m
1092 1982 1356 2068 septimo
1383 1980 1719 2048 scribendo
1738 1982 1998 2047 laboro.
2060 1987 2063 1990 ’
2170 1985 2181 1996 ’
2454 2015 2457 2020 ·

645 2093 784 2159 Hae
817 2101 1051 2158 aestate
1095 2093 1323 2162 iterum
1363 2091 1589 2157 itinera
1631 2092 1699 2156 in
1723 2089 2065 2159 ferissimas
2098 2103 2162 2158 ot
2190 2096 2516 2161 altissimas

556 2204 727 2290 alpes
754 2203 1151 2289 suscipienda
1180 2201 1444 2267 curabo.
1504 2203 2043 2268 Excessumfenim
2065 2226 2382 2286 summum
2413 2207 2516 2270 fri-
2555 2248 2558 2251 -

555 2315 728 2400 goris
780 2335 1083 2400 quaerere
1132 2303 1226 2377 est
1280 2334 1538 2379 neeesse
1568 2363 1586 2391 ‚
1638 2322 1710 2377 ut
1752 2313 1902 2379 novi
1946 2314 2102 2400 quid
2142 2315 2511 2380 innotescat.

555 2422 814 2488 Dudum
851 2424 1188 2491 voluissem
1232 2424 1419 2489 etiam
1456 2423 1810 2489 studiosum
1835 2425 2157 2488 hominem
2192 2425 2512 2492 inl-[eive-

547 2529 676 2603 'tiae
715 2538 1131 2625 transalpinae
1171 2534 1395 2624 tepidis
1430 2537 1622 2602 irritis
1658 2536 1868 2621 alere3
1921 2534 2208 2603 nondum
2237 2538 2513 2625 aliquem

435 2690 457 2708 ,
553 2647 766 2714 inveni
785 2698 813 2723 .‚
873 2648 984 2735 qui
1017 2649 1143 2714 hoo
1177 2670 1337 2714 onus
1361 2649 1704 2734 suscipiet,
1762 2648 1879 2711 etsi
1906 2669 2153 2714 summa
2174 2649 2321 2714 inde
2344 2650 2514 2717 bona

554 2761 860 2847 sperarim
904 2782 992 2833 ex
1014 2761 1286 2840 itinere,
1344 2758 1519 2848 quod
1572 2781 1613 2825 a
1671 2760 1847 2827 1760
1899 2781 1976 2825 eo
2021 2760 2157 2825 fieri
2203 2761 2512 2828 sumtibus

554 2873 821 2957 erogatis
845 2873 965 2938 feei
988 2870 1105 2961 (*).

648 2984 879 3051 Valeet
895 3005 1030 3063 me,
1049 2994 1119 3050 ut
1132 2987 1323 3065 soles,
1345 3001 1512 3059 ama.
1544 2984 1767 3050 Roohe
1784 2980 1876 3071 (*)
1898 2981 1967 3047 d.
1996 2984 2079 3048 16
2096 2984 2288 3049 Febr
2313 2984 2508 3051 1763.

1328 3086 1630 3168 HALLER
1659 3102 2063 3168 Gubernator
2085 3100 2479 3201 aquilejan

638 3343 700 3405 9·
1224 3324 1312 3422 (J.
1343 3324 1830 3422 BURMANNo.)

556 3453 737 3554 Tibi
768 3488 1109 3577 destinatus
1132 3491 1231 3575 vir
1263 3491 1357 3577 iu.
1385 3514 1591 3578 nuper
1621 3494 1776 3558 abiit
1801 3495 2036 3561 ‘somus
2069 3496 2227 3563 v111
2251 3498 2511 3584 Physiof

555 3598 756 3686 logiae
801 3610 864 3664 et
896 3602 1175 3667 ultimus,
1248 3604 1446 3667 Doleo
1471 3653 1489 3681 ‚
1542 3603 1717 3690 quod
1757 3626 1832 3669 eo
1872 3614 2153 3692 tempore
2184 3608 2513 3692 ignorave-

559 3710 678 3775 rim
694 3762 710 3791 ,
751 3712 940 3778 etiam
962 3715 1037 3779 T.
1067 3716 1132 3778 II
1162 3737 1200 3780 a
1222 3716 1309 3780 Te
1327 3714 1672 3783 desiderari
1697 3741 1715 3801 ς
1774 3716 1887 3783 sed
1913 3741 2060 3785 eum
2090 3718 2210 3784 alio
2234 3716 2370 3782 Tibi
2402 3738 2514 3783 cu-

561 3823 717 3888 rabo
748 3834 1052 3909 tempore.

615 3969 715 4061 ,(*)
758 3975 942 4033 Voces
969 3972 1028 4030 in
1061 3972 1220 4034 MSS.
1251 3974 1395 4034 lectu
1423 3974 1694 4034 difficiles.
1754 4004 1757 4009 ·
