2952 5080
545 540 602 581 r.
634 539 700 581 ι.
734 519 1046 583 mommo
1457 516 1590 582 146
2003 536 2059 579 ι.
2095 535 2486 585 tumuitus.

409 701 410 704 Ἴ
537 741 710 811 ra‘tus
739 754 805 810 et
830 742 1068 822 ibidem
1094 745 1342 830 plantas
1374 745 1671 832 coilegit3
1731 742 2069 845 descripsit-
2087 754 2151 810 et
2178 759 2398 811 earum
2426 747 2498 813 fi-

371 832 375 836 <
443 877 446 880 ’
532 879 722 946 guras
773 854 1201 945 depingendas
1250 857 1535 937 curavit,
1581 879 1711 923 non
1765 866 2009 922 tantum
2054 857 2219 924 iuius
2249 858 2495 926 insulae
2553 880 2561 888 “

529 970 644 1035 sed
661 967 1087 1055 adjacentium
1110 969 1298 1034 etiam
1322 970 1617 1035 locorum
1637 1018 1656 1049 ,
1688 967 1864 1057 quod
1885 989 2045 1054 opus
2067 988 2217 1034 sane
2246 991 2364 1055 par
2392 980 2489 1038 est

526 1082 726 1146 Horto
758 1080 1144 1146 Malabarico
1160 1127 1176 1159 ‚
1222 1080 1288 1144 ni
1317 1082 1525 1147 multo
1552 1081 1967 1167 praestantius
1996 1129 2016 1160 ‚
2064 1101 2265 1168 quum
2296 1096 2485 1148 accu-

525 1193 783 1257 ratiores
838 1189 1421 1277 locupletioresque'
1457 1191 1479 1255 i
1486 1192 1717 1257 llarum
1765 1192 2124 1277 plantarum
2166 1189 2481 1258 contineat
2614 1230 2623 1239 ·

522 1299 1004 1387 descriptioneS‚
1033 1297 1294 1367 virtutes
1323 1310 1385 1365 et
1414 1321 1574 1367 usus
1588 1305 1611 1366 .’
1684 1301 1809 1366 Diu
1825 1297 1966 1386 jam
1993 1323 2145 1376 cum
2167 1300 2482 1387 bibliopo-

519 1414 596 1479 lis
618 1413 717 1499 egi
745 1409 826 1478 de
854 1412 963 1477 illo
991 1410 1414 1499 imprimendo
1433 1461 1452 1493 ,
1509 1410 1623 1478 sed
1653 1412 1737 1478 ob
1761 1410 2293 1500 splendidissimas
2323 1411 2480 1501 fign-
2547 1473 2551 1480 .

413 1549 416 1552 “
517 1545 621 1588 ras
673 1532 736 1588 et
764 1531 1049 1609 sumptus
1088 1522 1513 1598 incredibiles⁶
1523 1524 1632 1589 vix
1666 1522 1901 1589 audent
1928 1524 2109 1590 illius.
2122 1523 2476 1609 impressio:

514 1633 664 1700 neni
704 1635 1026 1722 suscipere
1051 1684 1069 1714 ,
1129 1641 1328 1723 quum
1368 1636 1537 1702 ultra
1583 1634 2040 1722 quadringenta
2063 1635 2260 1701 millia
2282 1634 2472 1701 flore-

512 1763 760 1809 norum.
778 1744 943 1810 forte
984 1753 1325 1811 constaret.
1385 1744 1662 1811 „carabo
1699 1753 1911 1812 tamen
1937 1753 2011 1812 ut
2036 1746 2245 1814 lucem
2273 1743 2475 1831 publi·

506 1875 656 1921 cam
697 1852 947 1936 videat,
1003 1857 1070 1921 in
1121 1856 1389 1956 gratiam'
1419 1856 1887 1924 Botani'corum
1913 1864 1979 1922 et
2017 1854 2474 1943 Botauophilo-

471 1994 484 2005 ·
507 1987 691 2046 rum
728 1983 1106 2054 quoetmque
1134 1968 1323 2045 etiam
1351 1966 1544 2034 modo
1572 1966 1643 2033 id
1659 1977 2034 2057 peragatur,
2072 1968 2126 2033 si
2143 1966 2315 2033 Deus
2335 1987 2469 2032 mo

512 2075 598 2143 do
652 2078 819 2146 vires
858 2078 1194 2166 vitamque
1207 2079 1365 2145 mihi
1396 2081 1703 2169 largiatur
1731 2080 2072 2169 benignam
2101 2088 2168 2145 et
2193 2080 2344 2145 satis
2365 2100 2474 2146 ex·

383 2261 390 2268 f
515 2201 783 2258 tensam.

605 2303 954 2369 Occasione
993 2304 1115 2370 hac
1155 2304 1335 2369 mitto
1375 2314 1441 2369 et
1483 2304 1598 2369 tibi
1637 2305 1950 2369 rariorum
1985 2304 2342 2389 plantarum
2382 2322 2472 2366 se·

513 2414 687 2478 mina
734 2413 1092 2501 quaedam,
1153 2436 1350 2503 quae,
1400 2437 1481 2480 ne
1506 2437 1648 2481 sero
1678 2416 1865 2480 nimis
1888 2414 2143 2480 veniant
2166 2424 2230 2478 et
2257 2422 2329 2478 ut
2358 2434 2473 2499 op·

510 2531 786 2609 portuno
820 2532 1101 2613 tempore
1138 2535 1342 2593 terrae
1377 2524 1685 2594 committi
1710 2523 1992 2612 possint,
2047 2523 2268 2589 litteris
2299 2523 2474 2591 hisce

505 2636 748 2701 inclusa
798 2634 883 2701 ad
928 2646 991 2703 te
1036 2635 1189 2703 dare
1229 2636 1454 2721 debui3
1515 2657 1746 2749 rogans
1770 2644 1846 2735 ut
1872 2636 1925 2701 si
1955 2635 2224 2701 rariores
2255 2635 2473 2701 Italiae

503 2747 748 2832 plantas
789 2747 1127 2813 exsiccatas
1166 2748 1366 2835 possis
1398 2724 1745 2835 colligere,
1801 2746 2080 2812 remittas
2105 2768 2222 2832 pro
2247 2744 2475 2811 herba·

506 2857 601 2922 rio
643 2878 787 2923 meo
831 2859 1163 2948 augendo,
1218 2859 1429 2948 qnod,
1488 2861 1639 2926 licet
1664 2859 1813 2926 satis
1843 2860 2161 2945 amplum,
2219 2859 2474 2924 illarum

499 2969 803 3054 plurimas
831 2978 1041 3035 tamen
1070 2969 1390 3038 desiderat
1412 2971 1687 3057 plantas.
1747 2970 1814 3035 Si
1842 2978 1916 3035 et.
1934 2969 2174 3034 semina
2211 2968 2464 3037 illarum

498 3077 816 3166 quaedam
839 3080 1073 3149 addere
1097 3083 1333 3169 possis,
1366 3083 1492 3148 erit
1522 3103 1598 3147 eo
1629 3081 1784 3146 mihi
1815 3081 2075 3166 gratius.

589 3189 848 3255 Interim
891 3193 1032 3258 vale
1050 3242 1067 3271 ,
1125 3192 1225 3258 vir
1270 3190 1629 3257 doctissime
1658 3201 1722 3255 et
1752 3190 2162 3255 celeberrime
2181 3239 2199 3270 ,
2250 3190 2459 3255 Deus-

499 3317 622 3386 que
663 3299 777 3364 tibi
818 3291 1087 3366 faustam
1137 3299 1245 3366 det
1292 3310 1677 3368 senectutem
1704 3320 2200 3388 prosperamque
2229 3302 2460 3365 valetu-

494 3404 742 3488 dinem,
795 3419 983 3497 atque
1012 3432 1115 3475 me
1142 3412 1232 3476 tui
1262 3420 1580 3477 amantem
1610 3420 1676 3476 et
1706 3411 2148 3497 suspicientem
2174 3410 2450 3498 benigno

493 3527 603 3585 tuo
626 3520 844 3587 favore
868 3531 932 3586 et
955 3543 1169 3588 amore
1196 3523 1498 3611 prosequi
1529 3543 1786 3610 pergas.

762 3632 1008 3699 Dabam
1032 3630 1522 3701 Amstelaedami
1558 3634 1643 3701 10
1671 3632 1880 3700 Martii
1918 3633 2090 3702 1737
2104 3629 2226 3720 (*)·

565 3953 638 4035 (³⁸)
678 3959 898 4023 Eodem
923 3960 1095 4021 hocce
1124 3983 1271 4025 anno
1295 3963 1527 4026 Micheli
1557 3963 1708 4025 diem
1736 3961 1878 4034 obiit
1901 3975 2237 4041 supremum.
