2952 5080
465 541 526 586 ³.
557 536 888 584 amnne
1369 512 1497 579 169
1954 526 2385 578 summimus.

475 765 634 831 opus
673 741 974 808 haberem
1000 741 1081 808 ad
1112 737 1511 825 complendas
1542 736 2000 803 observationes
2029 786 2046 816 ,
2093 739 2214 804 alia
2244 760 2395 804 vero

477 855 802 920 occasione
835 873 985 918 -non
1045 852 1402 917 obliviscar.
1479 849 1638 934 Ipsis
1666 885 1671 892 -
1694 857 1905 912 autem
1951 847 2049 911 his
2104 845 2398 913 nundinis

474 962 1093 1030 Francofurtensibus
1135 969 1378 1048 partem
1419 979 1645 1024 ‘earum
1669 957 2357 1043 plantarumsiccarum
2375 1008 2394 1037 ‚

475 1094 636 1159 quas·
679 1073 1022 1159 conquisivi
1050 1122 1067 1152 ,
1124 1070 1205 1138 ad
1247 1081 1310 1135 te
1341 1070 1587 1135 mittere
1619 1090 1807 1134 ausus
1837 1089 1976 1132 sum
1995 1117 2012 1146 ‚
2061 1055 2174 1132 etsi
2196 1067 2403 1151 probe

472 1184 664 1249 sciam
687 1233 706 1263 ‚
754 1193 815 1249 te
836 1184 1058 1270 alpinis
1086 1183 1300 1248 herbis
1324 1181 1701 1246 sufficienter
1723 1181 2093 1245 instructum
2123 1201 2258 1246 esse
2286 1229 2304 1258 ,
2331 1188 2405 1243 ut

468 1296 851 1372 voluntatem
888 1293 1037 1359 inde
1070 1314 1406 1379 cognoscas
1421 1312 1669 1356 meam.
1717 1293 1812 1356 De
1842 1290 2132 1356 omnibus
2158 1291 2403 1355 mittere

468 1419 724 1489 possum
746 1454 763 1484 ,
818 1406 871 1468 si
896 1402 1213 1470 desideras
1237 1453 1259 1482 ,
1295 1423 1457 1491 quae
1475 1411 1700 1487 ‘nactus
1727 1422 1891 1465 sum.
1946 1403 2267 1470 Gramina
2291 1422 2402 1466 au-

467 1521 594 1579 tem
638 1514 946 1601 quaedam
974 1565 991 1594 ,
1049 1536 1196 1580 oum
1233 1512 1302 1578 id
1331 1536 1409 1578 ex
1442 1512 1874 1580 amantissimis
1919 1512 2040 1578 tuis
2066 1512 2285 1577 litteris
2314 1513 2400 1577 in-

463 1626 803 1690 tellexerim
831 1675 848 1704 ‚
871 1623 1082 1709 adjeci
1106 1626 1270 1708 illis3
1305 1625 1489 1708 plura
1514 1633 1721 1688 autem
1748 1670 1767 1696 ,
1799 1632 1861 1687 et
1885 1641 2248 1688 muscorum
2276 1645 2402 1689 am-

461 1737 730 1820 pliorem
761 1737 1188 1801 collectionem
1219 1735 1505 1821 proxima
1536 1733 1865 1798 occasione
1893 1735 2182 1818 supplere
2213 1755 2400 1802 cona,-

460 1846 581 1911 bor
603 1896 620 1926 ,
656 1868 801 1911 cum
828 1829 998 1913 nunc
1023 1853 1282 1934 propte'r
1302 1846 1551 1934 negotia
1566 1895 1592 1926 ,,
1631 1866 1793 1931 quae
1816 1863 1919 1909 me
1948 1843 2204 1912 absente
2228 1846 2402 1932 quie-

456 1966 685 2022 verunt
710 2008 729 2037 ,
756 1966 1001 2044 tempus
1024 1979 1153 2023 non
1182 1958 1569 2044 suppetierit.
1668 1997 1672 2002 -

539 2066 757 2142 »Indidi
818 2070 1194 2157 exemplaria
1249 2066 1551 2134 historiae
1616 2068 2108 2155 inaugurationis
2161 2065 2399 2133 Acade·

454 2178 619 2255 miae
659 2189 909 2244 nostrae
938 2229 955 2258 ,
1014 2199 1159 2245 cum
1182 2181 1456 2245 nesciam
1480 2230 1498 2259 ‚
1550 2201 1707 2258 num
1733 2200 1808 2244 ea
1823 2176 1961 2264 jam
1987 2175 2068 2244 ad
2094 2189 2154 2242 te
2179 2199 2400 2264 perve-

454 2291 617 2354 nerit
636 2340 653 2370 ,
712 2300 776 2354 et
803 2290 1111 2382 quasdam
1139 2289 1356 2356 addidi
1383 2291 1859 2355 Dissertatibnes
1883 2340 1900 2370 ,
1942 2288 2112 2378 apud
2138 2311 2257 2354 nos
2282 2310 2400 2354 nu·

456 2401 622 2485 peris
646 2402 1033 2487 temporibus
1062 2402 1411 2468 ventilatas.
1463 2401 1720 2487 Singula
1739 2401 1922 2486 aequi
1948 2400 2223 2488 bonique
2250 2421 2399 2466 con-

456 2509 622 2572 sules
650 2559 666 2586 ‚
714 2529 919 2595 neque
949 2519 1077 2576 tam
1099 2512 1379 2578 valorem
1403 2511 1632 2576 harum
1656 2531 1870 2574 rerum
1899 2559 1916 2589 ,
1971 2529 2162 2595 quam
2192 2510 2398 2594 potius

456 2619 735 2684 animum
758 2619 1181 2685 considerabis
1206 2671 1221 2700 ‚
1250 2625 1392 2707 'quo
1414 2622 1525 2686 tibi
1553 2645 1592 2687 a
1611 2643 1714 2686 me
1739 2621 2088 2686 offeruntur
2103 2636 2133 2704 ;'
2166 2621 2398 2705 pretio-

454 2730 693 2797 sissima
741 2731 908 2795 enim
957 2751 1032 2796 ea
1083 2731 1336 2794 mallem
1378 2752 1514 2794 esse
1535 2780 1552 2808 ,
1604 2753 1793 2816 quam
1837 2730 1994 2796 adeo
2033 2730 2392 2798 levidensis.

371 2892 372 2897 ,
455 2839 552 2903 cl.
599 2840 859 2904 Linnaei
900 2838 1249 2903 dissertatio
1278 2837 1358 2902 de
1387 2838 1464 2903 H
1463 2841 1722 2924 ybridz’s
1744 2841 1970 2924 plantis
1990 2839 2282 2906 xnondum
2315 2839 2397 2905 ad

455 2948 572 3012 nos
601 2950 886 3034 pervenit
907 2999 924 3027 ‚
958 2962 1108 3014 cum
1135 2947 1535 3014 difficillimus
1567 2950 1659 3013 sit·
1677 2949 1971 3017 transitus
1996 2971 2210 3014 rerum
2238 2948 2396 3036 ejus-

453 3055 625 3122 modi
648 3080 726 3122 ex
750 3060 970 3124 Suecia
997 3059 1063 3123 in
1088 3058 1514 3125 Germaniam.
1563 3058 2067 3146 Exspectandum
2096 3060 2277 3127 nobis
2303 3071 2399 3129 est

454 3189 688 3235 novum
734 3170 1031 3236 rolumen
1075 3169 1579 3237 dissertationum
1608 3169 1796 3257 ejus,
1844 3193 2112 3259 quarum
2142 3170 2268 3235 duo
2307 3181 2396 3235 to-

452 3277 549 3341 mia
567 3278 891 3364 hucusque
920 3276 1289 3365 prodierunt
1317 3332 1333 3359 ‚
1364 3300 1525 3367 quos
1552 3289 1760 3345 tamen
1792 3281 1927 3345 sine
1955 3277 2148 3345 dubio
2173 3289 2394 3346 nactus

443 3385 581 3474 jam
623 3409 730 3471 es3
778 3389 875 3453 sin
903 3390 1109 3456 minus
1136 3442 1152 3469 ‚
1211 3412 1467 3477 operam
1509 3412 1714 3456 meam
1741 3390 2063 3476 polliceor.
2111 3391 2393 3457 potiores

451 3506 661 3591 tamen
687 3498 915 3562 Theses
946 3509 1266 3584 excerptas
1294 3500 1669 3568 invenies.in
1690 3499 2133 3567 Dissertatione
2156 3499 2254 3565 Cl.
2281 3500 2385 3563 Jo.

357 3686 360 3691 ἡ
452 3606 744 3686 Gesneri,
782 3608 1059 3695 Tigurini
1088 3659 1105 3687 ‚
1140 3610 1254 3673 hio.
1275 3607 1515 3695 adjecta
1543 3659 1560 3684 ,
1597 3611 1662 3679 in
1690 3631 1816 3696 qua
1845 3608 2163 3695 singulare
2188 3608 2388 3687 Belli-¹

451 3718 556 3781 dab
583 3728 647 3784 et
669 3717 1059 3785 Romane-uli
1084 3719 1468 3785 connubium
1500 3718 1796 3789 describit
1825 3768 1842 3797 ‚
1870 3717 2048 3804 cujus
2070 3721 2389 3805 exemplar

426 3825 686 3891 'siceum
711 3828 865 3893 mihi
893 3837 1112 3894 auctor
1137 3829 1508 3897 monstravit
1532 3878 1550 3907 ‚
1602 3849 1749 3893 cum
1771 3827 1984 3917 Tiguri
2010 3850 2214 3916 nuper
2241 3851 2385 3895 eum
2444 3882 2455 3901 f

455 3939 699 4021 saepius
718 3940 1206 4026 frequentarem.
1244 3938 1590 4007 Cunom’ae
1604 3961 1800 4027 genus
1816 3988 1834 4016 ,
1857 3949 2106 4028 praeter
2120 3962 2379 4021 nomen,

453 4045 734 4112 nondum
761 4048 843 4114 ad
870 4052 1149 4118 notitiam
1178 4073 1382 4118 meam
1411 4051 1715 4139 pervenit.
