<?xml version="1.0" encoding="UTF-8"?>
<!DOCTYPE html PUBLIC "-//W3C//DTD XHTML 1.0 Transitional//EN"
    "http://www.w3.org/TR/xhtml1/DTD/xhtml1-transitional.dtd">
<html xmlns="http://www.w3.org/1999/xhtml" xml:lang="en" lang="en">
 <head>
  <title>
</title>
<meta http-equiv="Content-Type" content="text/html;charset=utf-8" />
  <meta name='ocr-system' content='tesseract 3.04.00' />
  <meta name='ocr-capabilities' content='ocr_page ocr_carea ocr_par ocr_line ocrx_word'/>
</head>
<body>
  <div class='ocr_page' id='page_1' title='image "./epistolaeinedit00linngoog_0027.png"; bbox 0 0 2952 5080; ppageno 0'>
   <div class='ocr_carea' id='block_1_1' title="bbox 476 532 2406 601">
    <p class='ocr_par' dir='ltr' id='par_1_1' title="bbox 476 532 2406 601">
     <span class='ocr_line' id='line_1_1' title="bbox 476 532 2406 601; baseline 0 -4"><span class='ocrx_word' id='word_1_1' title='bbox 476 557 531 598; x_wconf 74' lang='grc' dir='ltr'>ι.</span> <span class='ocrx_word' id='word_1_2' title='bbox 563 553 894 597; x_wconf 73' lang='lat' dir='ltr'>nmmo</span> <span class='ocrx_word' id='word_1_3' title='bbox 1411 532 1490 594; x_wconf 84' lang='lat'>13</span> <span class='ocrx_word' id='word_1_4' title='bbox 2079 548 2379 601; x_wconf 57' lang='lat' dir='ltr'>¹cunutus</span> <span class='ocrx_word' id='word_1_5' title='bbox 2393 583 2406 597; x_wconf 92' lang='lat'>.</span> 
     </span>
    </p>
   </div>
   <div class='ocr_carea' id='block_1_2' title="bbox 378 753 2417 3795">
    <p class='ocr_par' dir='ltr' id='par_1_2' title="bbox 378 753 2417 3043">
     <span class='ocr_line' id='line_1_2' title="bbox 564 753 2409 847; baseline 0.001 -23"><span class='ocrx_word' id='word_1_6' title='bbox 564 761 815 825; x_wconf 82' lang='lat' dir='ltr'><strong>Plantas</strong></span> <span class='ocrx_word' id='word_1_7' title='bbox 839 778 992 844; x_wconf 90' lang='lat' dir='ltr'>quas</span> <span class='ocrx_word' id='word_1_8' title='bbox 1020 756 1278 841; x_wconf 87' lang='lat' dir='ltr'>promisi</span> <span class='ocrx_word' id='word_1_9' title='bbox 1303 753 1624 842; x_wconf 87' lang='lat' dir='ltr'>quondam</span> <span class='ocrx_word' id='word_1_10' title='bbox 1639 805 1656 834; x_wconf 84' lang='lat'>‚</span> <span class='ocrx_word' id='word_1_11' title='bbox 1687 756 1753 818; x_wconf 87' lang='lat' dir='ltr'>in</span> <span class='ocrx_word' id='word_1_12' title='bbox 1775 755 1989 842; x_wconf 82' lang='lat' dir='ltr'>Belgio</span> <span class='ocrx_word' id='word_1_13' title='bbox 2008 769 2213 823; x_wconf 89' lang='lat' dir='ltr'>autem</span> <span class='ocrx_word' id='word_1_14' title='bbox 2237 783 2409 847; x_wconf 89' lang='lat' dir='ltr'>prae-</span> 
     </span>
     <span class='ocr_line' id='line_1_3' title="bbox 478 865 2410 954; baseline 0.001 -21"><span class='ocrx_word' id='word_1_15' title='bbox 478 879 643 934; x_wconf 90' lang='lat' dir='ltr'>stare</span> <span class='ocrx_word' id='word_1_16' title='bbox 667 890 793 932; x_wconf 90' lang='lat' dir='ltr'>non</span> <span class='ocrx_word' id='word_1_17' title='bbox 820 868 1023 953; x_wconf 88' lang='lat' dir='ltr'>potui,</span> <span class='ocrx_word' id='word_1_18' title='bbox 1041 865 1180 951; x_wconf 85' lang='lat' dir='ltr'>jam</span> <span class='ocrx_word' id='word_1_19' title='bbox 1208 867 1703 953; x_wconf 47' lang='lat' dir='ltr'>collegiomneffi</span> <span class='ocrx_word' id='word_1_20' title='bbox 1731 867 2115 954; x_wconf 80' lang='lat' dir='ltr'>habebisque</span> <span class='ocrx_word' id='word_1_21' title='bbox 2139 892 2242 935; x_wconf 90' lang='lat' dir='ltr'>eas</span> <span class='ocrx_word' id='word_1_22' title='bbox 2258 922 2274 950; x_wconf 88' lang='lat'>,</span> <span class='ocrx_word' id='word_1_23' title='bbox 2302 893 2410 934; x_wconf 87' lang='lat' dir='ltr'>ex-</span> 
     </span>
     <span class='ocr_line' id='line_1_4' title="bbox 479 966 2411 1067; baseline -0.001 -21"><span class='ocrx_word' id='word_1_24' title='bbox 479 989 656 1067; x_wconf 88' lang='lat' dir='ltr'>cepta</span> <span class='ocrx_word' id='word_1_25' title='bbox 684 980 858 1043; x_wconf 90' lang='lat' dir='ltr'>nulla</span> <span class='ocrx_word' id='word_1_26' title='bbox 877 1028 893 1056; x_wconf 90' lang='lat'>‚</span> <span class='ocrx_word' id='word_1_27' title='bbox 931 999 1075 1042; x_wconf 90' lang='lat' dir='ltr'>cum</span> <span class='ocrx_word' id='word_1_28' title='bbox 1096 966 1300 1064; x_wconf 84' lang='lat' dir='ltr'>prima</span> <span class='ocrx_word' id='word_1_29' title='bbox 1326 977 1472 1042; x_wconf 83' lang='lat' dir='ltr'>navi</span> <span class='ocrx_word' id='word_1_30' title='bbox 1490 1027 1507 1056; x_wconf 89' lang='lat'><strong>,</strong></span> <span class='ocrx_word' id='word_1_31' title='bbox 1544 996 1707 1062; x_wconf 84' lang='lat' dir='ltr'>quae</span> <span class='ocrx_word' id='word_1_32' title='bbox 1735 976 1884 1042; x_wconf 90' lang='lat' dir='ltr'>hinc</span> <span class='ocrx_word' id='word_1_33' title='bbox 1915 975 2243 1045; x_wconf 87' lang='lat' dir='ltr'>Amstelias</span> <span class='ocrx_word' id='word_1_34' title='bbox 2271 1002 2411 1046; x_wconf 83' lang='lat' dir='ltr'>ves-</span> 
     </span>
     <span class='ocr_line' id='line_1_5' title="bbox 476 1087 2410 1176; baseline 0.002 -25"><span class='ocrx_word' id='word_1_35' title='bbox 476 1096 600 1152; x_wconf 86' lang='lat' dir='ltr'>tras</span> <span class='ocrx_word' id='word_1_36' title='bbox 623 1089 777 1174; x_wconf 81' lang='lat' dir='ltr'>petit</span> <span class='ocrx_word' id='word_1_37' title='bbox 804 1089 928 1153; x_wconf 88' lang='lat' dir='ltr'>hoc</span> <span class='ocrx_word' id='word_1_38' title='bbox 949 1089 1085 1174; x_wconf 92' lang='lat' dir='ltr'>ipso</span> <span class='ocrx_word' id='word_1_39' title='bbox 1109 1097 1405 1154; x_wconf 89' lang='lat' dir='ltr'>autumno</span> <span class='ocrx_word' id='word_1_40' title='bbox 1426 1139 1442 1167; x_wconf 85' lang='lat'>‚</span> <span class='ocrx_word' id='word_1_41' title='bbox 1479 1089 1618 1165; x_wconf 86' lang='lat' dir='ltr'>vel,</span> <span class='ocrx_word' id='word_1_42' title='bbox 1654 1087 1706 1151; x_wconf 91' lang='lat' dir='ltr'>si</span> <span class='ocrx_word' id='word_1_43' title='bbox 1735 1088 1905 1152; x_wconf 88' lang='lat' dir='ltr'>nulla</span> <span class='ocrx_word' id='word_1_44' title='bbox 1929 1087 2242 1168; x_wconf 82' lang='lat' dir='ltr'>discedat,</span> <span class='ocrx_word' id='word_1_45' title='bbox 2282 1092 2410 1176; x_wconf 87' lang='lat' dir='ltr'>pri-</span> 
     </span>
     <span class='ocr_line' id='line_1_6' title="bbox 475 1197 2410 1286; baseline 0.002 -26"><span class='ocrx_word' id='word_1_46' title='bbox 475 1217 579 1260; x_wconf 91' lang='lat' dir='ltr'>mo</span> <span class='ocrx_word' id='word_1_47' title='bbox 600 1218 748 1262; x_wconf 87' lang='lat' dir='ltr'>vere</span> <span class='ocrx_word' id='word_1_48' title='bbox 767 1248 783 1278; x_wconf 84' lang='lat'>,</span> <span class='ocrx_word' id='word_1_49' title='bbox 822 1207 951 1261; x_wconf 85' lang='lat' dir='ltr'>tam</span> <span class='ocrx_word' id='word_1_50' title='bbox 991 1207 1160 1263; x_wconf 88' lang='lat' dir='ltr'>certo</span> <span class='ocrx_word' id='word_1_51' title='bbox 1194 1219 1270 1263; x_wconf 86' lang='lat' dir='ltr'>ac</span> <span class='ocrx_word' id='word_1_52' title='bbox 1300 1219 1418 1286; x_wconf 88' lang='lat' dir='ltr'>ego</span> <span class='ocrx_word' id='word_1_53' title='bbox 1442 1198 1693 1280; x_wconf 83' lang='lat' dir='ltr'>vixer03</span> <span class='ocrx_word' id='word_1_54' title='bbox 1736 1197 1982 1283; x_wconf 91' lang='lat' dir='ltr'>seposui</span> <span class='ocrx_word' id='word_1_55' title='bbox 2012 1219 2227 1262; x_wconf 89' lang='lat' dir='ltr'>omnes</span> <span class='ocrx_word' id='word_1_56' title='bbox 2242 1249 2258 1277; x_wconf 88' lang='lat'>‚</span> <span class='ocrx_word' id='word_1_57' title='bbox 2311 1221 2410 1263; x_wconf 88' lang='lat' dir='ltr'>re-</span> 
     </span>
     <span class='ocr_line' id='line_1_7' title="bbox 474 1305 2415 1395; baseline 0.002 -26"><span class='ocrx_word' id='word_1_58' title='bbox 474 1316 594 1372; x_wconf 91' lang='lat' dir='ltr'>stat</span> <span class='ocrx_word' id='word_1_59' title='bbox 624 1317 696 1372; x_wconf 90' lang='lat' dir='ltr'>ut</span> <span class='ocrx_word' id='word_1_60' title='bbox 728 1329 1022 1373; x_wconf 89' lang='lat' dir='ltr'>numeros</span> <span class='ocrx_word' id='word_1_61' title='bbox 1062 1309 1282 1373; x_wconf 82' lang='lat' dir='ltr'>Florae</span> <span class='ocrx_word' id='word_1_62' title='bbox 1312 1306 1707 1395; x_wconf 86' lang='lat' dir='ltr'>Lapponicae</span> <span class='ocrx_word' id='word_1_63' title='bbox 1745 1305 1996 1372; x_wconf 86' lang='lat' dir='ltr'>addam.</span> <span class='ocrx_word' id='word_1_64' title='bbox 2077 1308 2143 1371; x_wconf 90' lang='lat' dir='ltr'>Si</span> <span class='ocrx_word' id='word_1_65' title='bbox 2170 1330 2415 1373; x_wconf 90' lang='lat' dir='ltr'>moram</span> 
     </span>
     <span class='ocr_line' id='line_1_8' title="bbox 472 1418 2413 1507; baseline 0.001 -23"><span class='ocrx_word' id='word_1_66' title='bbox 472 1419 637 1484; x_wconf 85' lang='lat' dir='ltr'>hanc</span> <span class='ocrx_word' id='word_1_67' title='bbox 657 1418 924 1507; x_wconf 85' lang='lat' dir='ltr'>benigne</span> <span class='ocrx_word' id='word_1_68' title='bbox 947 1420 1420 1502; x_wconf 74' lang='lat' dir='ltr'>excusarevelis</span> <span class='ocrx_word' id='word_1_69' title='bbox 1439 1468 1456 1498; x_wconf 89' lang='lat'>‚</span> <span class='ocrx_word' id='word_1_70' title='bbox 1488 1440 1622 1484; x_wconf 88' lang='lat' dir='ltr'>rem</span> <span class='ocrx_word' id='word_1_71' title='bbox 1645 1419 1833 1483; x_wconf 84' lang='lat' dir='ltr'>facies</span> <span class='ocrx_word' id='word_1_72' title='bbox 1850 1419 2002 1483; x_wconf 89' lang='lat' dir='ltr'>mihi</span> <span class='ocrx_word' id='word_1_73' title='bbox 2025 1428 2289 1505; x_wconf 79' lang='lat' dir='ltr'><strong>gratam.</strong></span> <span class='ocrx_word' id='word_1_74' title='bbox 2338 1421 2413 1486; x_wconf 86' lang='lat' dir='ltr'>In</span> 
     </span>
     <span class='ocr_line' id='line_1_9' title="bbox 471 1527 2414 1618; baseline -0.001 -22"><span class='ocrx_word' id='word_1_75' title='bbox 471 1551 660 1596; x_wconf 89' lang='lat' dir='ltr'>causa</span> <span class='ocrx_word' id='word_1_76' title='bbox 692 1552 832 1595; x_wconf 89' lang='lat' dir='ltr'>sum</span> <span class='ocrx_word' id='word_1_77' title='bbox 861 1530 1117 1617; x_wconf 87' lang='lat' dir='ltr'>quidem</span> <span class='ocrx_word' id='word_1_78' title='bbox 1137 1532 1269 1618; x_wconf 91' lang='lat' dir='ltr'>ipse</span> <span class='ocrx_word' id='word_1_79' title='bbox 1291 1552 1349 1608; x_wconf 55' lang='lat' dir='ltr'>,cs</span> <span class='ocrx_word' id='word_1_80' title='bbox 1366 1528 1479 1594; x_wconf 88' lang='lat' dir='ltr'>sed</span> <span class='ocrx_word' id='word_1_81' title='bbox 1507 1550 1635 1595; x_wconf 87' lang='lat' dir='ltr'>non</span> <span class='ocrx_word' id='word_1_82' title='bbox 1663 1529 1970 1594; x_wconf 84' lang='lat' dir='ltr'>malevola</span> <span class='ocrx_word' id='word_1_83' title='bbox 1991 1527 2215 1596; x_wconf 86' lang='lat' dir='ltr'>ductus</span> <span class='ocrx_word' id='word_1_84' title='bbox 2245 1552 2414 1595; x_wconf 84' lang='lat' dir='ltr'>men-</span> 
     </span>
     <span class='ocr_line' id='line_1_10' title="bbox 472 1638 2417 1726; baseline 0.001 -23"><span class='ocrx_word' id='word_1_85' title='bbox 472 1649 533 1704; x_wconf 86' lang='lat' dir='ltr'>te</span> <span class='ocrx_word' id='word_1_86' title='bbox 550 1663 581 1723; x_wconf 85' lang='lat'>3·</span> <span class='ocrx_word' id='word_1_87' title='bbox 598 1662 1011 1726; x_wconf 74' lang='lat' dir='ltr'>,speraveram</span> <span class='ocrx_word' id='word_1_88' title='bbox 1036 1663 1137 1711; x_wconf 89' lang='lat' dir='ltr'>me</span> <span class='ocrx_word' id='word_1_89' title='bbox 1163 1650 1311 1705; x_wconf 87' lang='lat' dir='ltr'>ante</span> <span class='ocrx_word' id='word_1_90' title='bbox 1332 1660 1568 1707; x_wconf 85' lang='lat' dir='ltr'>annum</span> <span class='ocrx_word' id='word_1_91' title='bbox 1598 1640 1787 1705; x_wconf 84' lang='lat' dir='ltr'>fuisse</span> <span class='ocrx_word' id='word_1_92' title='bbox 1818 1638 1989 1704; x_wconf 91' lang='lat' dir='ltr'>domi</span> <span class='ocrx_word' id='word_1_93' title='bbox 2005 1689 2022 1718; x_wconf 86' lang='lat'>‚</span> <span class='ocrx_word' id='word_1_94' title='bbox 2067 1641 2243 1706; x_wconf 75' lang='lat' dir='ltr'>aliter</span> <span class='ocrx_word' id='word_1_95' title='bbox 2270 1642 2417 1705; x_wconf 89' lang='lat' dir='ltr'>licet</span> 
     </span>
     <span class='ocr_line' id='line_1_11' title="bbox 436 1747 2413 1837; baseline 0 -23"><span class='ocrx_word' id='word_1_96' title='bbox 436 1747 891 1836; x_wconf 60' lang='lat' dir='ltr'>:disposuerint</span> <span class='ocrx_word' id='word_1_97' title='bbox 936 1751 1097 1836; x_wconf 83' lang='lat' dir='ltr'>fata3</span> <span class='ocrx_word' id='word_1_98' title='bbox 1136 1751 1466 1837; x_wconf 24' lang='lat' dir='ltr'>‚obligatus</span> <span class='ocrx_word' id='word_1_99' title='bbox 1497 1750 1739 1834; x_wconf 89' lang='lat' dir='ltr'>plantas</span> <span class='ocrx_word' id='word_1_100' title='bbox 1784 1750 2085 1834; x_wconf 87' lang='lat' dir='ltr'>plurimas</span> <span class='ocrx_word' id='word_1_101' title='bbox 2112 1751 2245 1814; x_wconf 84' lang='lat' dir='ltr'>aliis</span> <span class='ocrx_word' id='word_1_102' title='bbox 2271 1772 2413 1815; x_wconf 87' lang='lat' dir='ltr'>con-</span> 
     </span>
     <span class='ocr_line' id='line_1_12' title="bbox 472 1857 2413 1946; baseline 0.002 -24"><span class='ocrx_word' id='word_1_103' title='bbox 472 1859 662 1937; x_wconf 77' lang='lat' dir='ltr'>cessi,</span> <span class='ocrx_word' id='word_1_104' title='bbox 698 1860 932 1945; x_wconf 29' lang='lat' dir='ltr'>‘quibus</span> <span class='ocrx_word' id='word_1_105' title='bbox 957 1857 1112 1944; x_wconf 88' lang='lat' dir='ltr'>quid</span> <span class='ocrx_word' id='word_1_106' title='bbox 1142 1858 1454 1945; x_wconf 87' lang='lat' dir='ltr'>denegare</span> <span class='ocrx_word' id='word_1_107' title='bbox 1479 1860 1635 1925; x_wconf 88' lang='lat' dir='ltr'>mihi</span> <span class='ocrx_word' id='word_1_108' title='bbox 1664 1859 1883 1946; x_wconf 79' lang='lat' dir='ltr'>religio</span> <span class='ocrx_word' id='word_1_109' title='bbox 1905 1869 2039 1924; x_wconf 88' lang='lat' dir='ltr'>erat</span> <span class='ocrx_word' id='word_1_110' title='bbox 2050 1883 2069 1944; x_wconf 80' lang='lat'>3</span> <span class='ocrx_word' id='word_1_111' title='bbox 2113 1880 2413 1925; x_wconf 84' lang='lat' dir='ltr'>noveram</span> 
     </span>
     <span class='ocr_line' id='line_1_13' title="bbox 475 1964 2411 2057; baseline 0.003 -30"><span class='ocrx_word' id='word_1_112' title='bbox 475 1964 643 2057; x_wconf 84' lang='lat' dir='ltr'>enim</span> <span class='ocrx_word' id='word_1_113' title='bbox 663 1966 798 2049; x_wconf 88' lang='lat' dir='ltr'>ipse</span> <span class='ocrx_word' id='word_1_114' title='bbox 823 1974 927 2028; x_wconf 85' lang='lat' dir='ltr'>me</span> <span class='ocrx_word' id='word_1_115' title='bbox 959 1974 1138 2029; x_wconf 91' lang='lat' dir='ltr'>tuum</span> <span class='ocrx_word' id='word_1_116' title='bbox 1167 1967 1520 2049; x_wconf 76' lang='lat' dir='ltr'>catalogum</span> <span class='ocrx_word' id='word_1_117' title='bbox 1547 1966 1736 2032; x_wconf 83' lang='lat' dir='ltr'>tibive</span> <span class='ocrx_word' id='word_1_118' title='bbox 1765 1967 2141 2052; x_wconf 86' lang='lat' dir='ltr'>promissum</span> <span class='ocrx_word' id='word_1_119' title='bbox 2172 1970 2411 2054; x_wconf 86' lang='lat' dir='ltr'>supple-</span> 
     </span>
     <span class='ocr_line' id='line_1_14' title="bbox 378 2068 2412 2163; baseline 0.003 -26"><span class='ocrx_word' id='word_1_120' title='bbox 378 2068 395 2085; x_wconf 72' lang='lat'>‘</span> <span class='ocrx_word' id='word_1_121' title='bbox 475 2095 544 2137; x_wconf 91' lang='lat' dir='ltr'>re</span> <span class='ocrx_word' id='word_1_122' title='bbox 572 2096 757 2160; x_wconf 88' lang='lat' dir='ltr'>posse</span> <span class='ocrx_word' id='word_1_123' title='bbox 777 2123 795 2153; x_wconf 89' lang='lat'>‚</span> <span class='ocrx_word' id='word_1_124' title='bbox 828 2095 949 2138; x_wconf 78' lang='lat' dir='ltr'>nec</span> <span class='ocrx_word' id='word_1_125' title='bbox 978 2083 1221 2139; x_wconf 84' lang='lat' dir='ltr'>tantum</span> <span class='ocrx_word' id='word_1_126' title='bbox 1241 2075 1540 2137; x_wconf 79' lang='lat' dir='ltr'><strong>interesse</strong></span> <span class='ocrx_word' id='word_1_127' title='bbox 1568 2085 1781 2139; x_wconf 87' lang='lat' dir='ltr'>utrum</span> <span class='ocrx_word' id='word_1_128' title='bbox 1804 2079 2034 2141; x_wconf 79' lang='lat' dir='ltr'>mensis</span> <span class='ocrx_word' id='word_1_129' title='bbox 2065 2079 2260 2163; x_wconf 85' lang='lat' dir='ltr'>spatio</span> <span class='ocrx_word' id='word_1_130' title='bbox 2291 2081 2412 2162; x_wconf 84' lang='lat' dir='ltr'>pri-</span> 
     </span>
     <span class='ocr_line' id='line_1_15' title="bbox 472 2181 2416 2251; baseline 0.001 -2"><span class='ocrx_word' id='word_1_131' title='bbox 472 2205 546 2249; x_wconf 90' lang='lat' dir='ltr'>us</span> <span class='ocrx_word' id='word_1_132' title='bbox 590 2185 691 2248; x_wconf 84' lang='lat' dir='ltr'>vel</span> <span class='ocrx_word' id='word_1_133' title='bbox 720 2184 921 2248; x_wconf 87' lang='lat' dir='ltr'>serius</span> <span class='ocrx_word' id='word_1_134' title='bbox 945 2204 1051 2247; x_wconf 87' lang='lat' dir='ltr'>eos</span> <span class='ocrx_word' id='word_1_135' title='bbox 1078 2183 1390 2247; x_wconf 76' lang='lat' dir='ltr'>obtineres</span> <span class='ocrx_word' id='word_1_136' title='bbox 1423 2181 1838 2248; x_wconf 80' lang='lat' dir='ltr'>credideram.</span> <span class='ocrx_word' id='word_1_137' title='bbox 1902 2185 2069 2251; x_wconf 84' lang='lat' dir='ltr'>Dum</span> <span class='ocrx_word' id='word_1_138' title='bbox 2098 2206 2140 2249; x_wconf 84' lang='lat' dir='ltr'>a</span> <span class='ocrx_word' id='word_1_139' title='bbox 2164 2188 2249 2249; x_wconf 89' lang='lat' dir='ltr'>Te</span> <span class='ocrx_word' id='word_1_140' title='bbox 2274 2196 2416 2251; x_wconf 87' lang='lat' dir='ltr'>ante</span> 
     </span>
     <span class='ocr_line' id='line_1_16' title="bbox 472 2274 2416 2378; baseline 0 -19"><span class='ocrx_word' id='word_1_141' title='bbox 472 2315 707 2359; x_wconf 89' lang='lat' dir='ltr'>annum</span> <span class='ocrx_word' id='word_1_142' title='bbox 750 2274 1040 2371; x_wconf 81' lang='lat' dir='ltr'>discessi,</span> <span class='ocrx_word' id='word_1_143' title='bbox 1091 2292 1277 2378; x_wconf 81' lang='lat' dir='ltr'>plena</span> <span class='ocrx_word' id='word_1_144' title='bbox 1329 2299 1536 2356; x_wconf 90' lang='lat' dir='ltr'>mente</span> <span class='ocrx_word' id='word_1_145' title='bbox 1574 2290 1746 2355; x_wconf 84' lang='lat' dir='ltr'>abire</span> <span class='ocrx_word' id='word_1_146' title='bbox 1785 2292 1852 2354; x_wconf 90' lang='lat' dir='ltr'>in</span> <span class='ocrx_word' id='word_1_147' title='bbox 1889 2294 2167 2357; x_wconf 88' lang='lat' dir='ltr'>animum</span> <span class='ocrx_word' id='word_1_148' title='bbox 2196 2294 2416 2359; x_wconf 78' lang='lat' dir='ltr'>induxi</span> 
     </span>
     <span class='ocr_line' id='line_1_17' title="bbox 479 2398 2416 2489; baseline 0.001 -24"><span class='ocrx_word' id='word_1_149' title='bbox 479 2404 645 2488; x_wconf 85' lang='lat' dir='ltr'>ipse3</span> <span class='ocrx_word' id='word_1_150' title='bbox 694 2400 868 2489; x_wconf 88' lang='lat' dir='ltr'>quod</span> <span class='ocrx_word' id='word_1_151' title='bbox 903 2421 1272 2487; x_wconf 88' lang='lat' dir='ltr'>permanere</span> <span class='ocrx_word' id='word_1_152' title='bbox 1300 2398 1504 2471; x_wconf 85' lang='lat' dir='ltr'>debui</span> <span class='ocrx_word' id='word_1_153' title='bbox 1544 2421 1730 2487; x_wconf 85' lang='lat' dir='ltr'>aegre</span> <span class='ocrx_word' id='word_1_154' title='bbox 1769 2400 2014 2467; x_wconf 85' lang='lat' dir='ltr'>ferebas</span> <span class='ocrx_word' id='word_1_155' title='bbox 2035 2451 2050 2480; x_wconf 89' lang='lat'><strong>,</strong></span> <span class='ocrx_word' id='word_1_156' title='bbox 2106 2425 2186 2466; x_wconf 88' lang='lat' dir='ltr'>an</span> <span class='ocrx_word' id='word_1_157' title='bbox 2203 2399 2416 2487; x_wconf 80' lang='lat' dir='ltr'>juste?</span> 
     </span>
     <span class='ocr_line' id='line_1_18' title="bbox 482 2496 2414 2600; baseline 0.002 -22"><span class='ocrx_word' id='word_1_158' title='bbox 482 2514 653 2579; x_wconf 88' lang='lat' dir='ltr'>nolui</span> <span class='ocrx_word' id='word_1_159' title='bbox 672 2496 879 2600; x_wconf 86' lang='lat' dir='ltr'>itaque</span> <span class='ocrx_word' id='word_1_160' title='bbox 894 2564 910 2592; x_wconf 87' lang='lat'>‚</span> <span class='ocrx_word' id='word_1_161' title='bbox 959 2511 1071 2578; x_wconf 91' lang='lat' dir='ltr'>sed</span> <span class='ocrx_word' id='word_1_162' title='bbox 1097 2513 1316 2579; x_wconf 85' lang='lat' dir='ltr'>horrui</span> <span class='ocrx_word' id='word_1_163' title='bbox 1353 2513 1625 2579; x_wconf 87' lang='lat' dir='ltr'>amicum</span> <span class='ocrx_word' id='word_1_164' title='bbox 1656 2521 1837 2578; x_wconf 89' lang='lat' dir='ltr'>antea</span> <span class='ocrx_word' id='word_1_165' title='bbox 1867 2522 2045 2578; x_wconf 89' lang='lat' dir='ltr'>tuum</span> <span class='ocrx_word' id='word_1_166' title='bbox 2061 2514 2130 2578; x_wconf 88' lang='lat' dir='ltr'>in</span> <span class='ocrx_word' id='word_1_167' title='bbox 2156 2536 2257 2580; x_wconf 89' lang='lat' dir='ltr'>me</span> <span class='ocrx_word' id='word_1_168' title='bbox 2280 2517 2414 2581; x_wconf 82' lang='lat' dir='ltr'>ani—</span> 
     </span>
     <span class='ocr_line' id='line_1_19' title="bbox 483 2604 2416 2711; baseline 0.001 -22"><span class='ocrx_word' id='word_1_169' title='bbox 483 2634 810 2690; x_wconf 77' lang='lat' dir='ltr'>mumtum</span> <span class='ocrx_word' id='word_1_170' title='bbox 839 2626 1065 2689; x_wconf 89' lang='lat' dir='ltr'>iratum</span> <span class='ocrx_word' id='word_1_171' title='bbox 1089 2623 1410 2711; x_wconf 85' lang='lat' dir='ltr'>adspicere</span> <span class='ocrx_word' id='word_1_172' title='bbox 1426 2674 1443 2703; x_wconf 86' lang='lat'>‚</span> <span class='ocrx_word' id='word_1_173' title='bbox 1471 2624 1616 2689; x_wconf 87' lang='lat' dir='ltr'>licet</span> <span class='ocrx_word' id='word_1_174' title='bbox 1644 2604 1847 2688; x_wconf 81' lang='lat' dir='ltr'>minus</span> <span class='ocrx_word' id='word_1_175' title='bbox 1872 2624 2196 2689; x_wconf 84' lang='lat' dir='ltr'>sufficienti</span> <span class='ocrx_word' id='word_1_176' title='bbox 2228 2648 2416 2691; x_wconf 89' lang='lat' dir='ltr'>causa</span> 
     </span>
     <span class='ocr_line' id='line_1_20' title="bbox 482 2735 2416 2819; baseline -0.001 -17"><span class='ocrx_word' id='word_1_177' title='bbox 482 2735 760 2810; x_wconf 87' lang='lat' dir='ltr'>ductum.</span> <span class='ocrx_word' id='word_1_178' title='bbox 813 2736 1152 2804; x_wconf 88' lang='lat' dir='ltr'>Transeant</span> <span class='ocrx_word' id='word_1_179' title='bbox 1172 2736 1359 2814; x_wconf 86' lang='lat' dir='ltr'>haec,</span> <span class='ocrx_word' id='word_1_180' title='bbox 1397 2756 1639 2800; x_wconf 87' lang='lat' dir='ltr'>memor</span> <span class='ocrx_word' id='word_1_181' title='bbox 1663 2735 1872 2800; x_wconf 84' lang='lat' dir='ltr'>vivam</span> <span class='ocrx_word' id='word_1_182' title='bbox 1896 2749 2142 2819; x_wconf 81' lang='lat' dir='ltr'>semper</span> <span class='ocrx_word' id='word_1_183' title='bbox 2164 2745 2416 2801; x_wconf 90' lang='lat' dir='ltr'>tuorum</span> 
     </span>
     <span class='ocr_line' id='line_1_21' title="bbox 479 2845 2417 2924; baseline -0.001 -12"><span class='ocrx_word' id='word_1_184' title='bbox 479 2848 545 2912; x_wconf 87' lang='lat' dir='ltr'>in</span> <span class='ocrx_word' id='word_1_185' title='bbox 582 2869 684 2912; x_wconf 87' lang='lat' dir='ltr'>me</span> <span class='ocrx_word' id='word_1_186' title='bbox 713 2846 1190 2924; x_wconf 84' lang='lat' dir='ltr'>beneficiorum,</span> <span class='ocrx_word' id='word_1_187' title='bbox 1249 2845 1491 2911; x_wconf 80' lang='lat' dir='ltr'>videbis</span> <span class='ocrx_word' id='word_1_188' title='bbox 1529 2867 1629 2909; x_wconf 91' lang='lat' dir='ltr'>me</span> <span class='ocrx_word' id='word_1_189' title='bbox 1660 2845 1981 2914; x_wconf 84' lang='lat' dir='ltr'>absentem</span> <span class='ocrx_word' id='word_1_190' title='bbox 2011 2854 2187 2908; x_wconf 91' lang='lat' dir='ltr'>tuum</span> <span class='ocrx_word' id='word_1_191' title='bbox 2216 2847 2417 2910; x_wconf 86' lang='lat' dir='ltr'>culto-—</span> 
     </span>
     <span class='ocr_line' id='line_1_22' title="bbox 480 2955 2099 3043; baseline -0.001 -23"><span class='ocrx_word' id='word_1_192' title='bbox 480 2977 615 3020; x_wconf 89' lang='lat' dir='ltr'>rem</span> <span class='ocrx_word' id='word_1_193' title='bbox 639 2977 958 3020; x_wconf 86' lang='lat' dir='ltr'>summum</span> <span class='ocrx_word' id='word_1_194' title='bbox 972 2980 991 3040; x_wconf 81' lang='lat'><em>3</em></span> <span class='ocrx_word' id='word_1_195' title='bbox 1030 2978 1190 3043; x_wconf 88' lang='lat' dir='ltr'>quae</span> <span class='ocrx_word' id='word_1_196' title='bbox 1219 2956 1480 3043; x_wconf 87' lang='lat' dir='ltr'>promisi</span> <span class='ocrx_word' id='word_1_197' title='bbox 1510 2955 1841 3041; x_wconf 87' lang='lat' dir='ltr'>praestabo</span> <span class='ocrx_word' id='word_1_198' title='bbox 1867 2955 2099 3019; x_wconf 89' lang='lat' dir='ltr'>omnia.</span> 
     </span>
    </p>

    <p class='ocr_par' dir='ltr' id='par_1_3' title="bbox 481 3066 2417 3270">
     <span class='ocr_line' id='line_1_23' title="bbox 482 3066 2417 3162; baseline 0.001 -32"><span class='ocrx_word' id='word_1_199' title='bbox 482 3117 483 3120; x_wconf 15' lang='grc' dir='ltr'>η</span> <span class='ocrx_word' id='word_1_200' title='bbox 571 3066 1003 3138; x_wconf 85' lang='lat' dir='ltr'>Gratissimum</span> <span class='ocrx_word' id='word_1_201' title='bbox 1025 3067 1179 3133; x_wconf 90' lang='lat' dir='ltr'>dum</span> <span class='ocrx_word' id='word_1_202' title='bbox 1203 3069 1416 3133; x_wconf 85' lang='lat' dir='ltr'>vixero</span> <span class='ocrx_word' id='word_1_203' title='bbox 1448 3068 1603 3132; x_wconf 90' lang='lat' dir='ltr'>mihi</span> <span class='ocrx_word' id='word_1_204' title='bbox 1635 3068 1925 3162; x_wconf 87' lang='lat' dir='ltr'>nuntium</span> <span class='ocrx_word' id='word_1_205' title='bbox 1950 3067 2066 3132; x_wconf 88' lang='lat' dir='ltr'>erit</span> <span class='ocrx_word' id='word_1_206' title='bbox 2094 3077 2199 3131; x_wconf 89' lang='lat' dir='ltr'>tua</span> <span class='ocrx_word' id='word_1_207' title='bbox 2216 3116 2233 3145; x_wconf 86' lang='lat'>‚</span> <span class='ocrx_word' id='word_1_208' title='bbox 2277 3075 2417 3131; x_wconf 86' lang='lat' dir='ltr'>tuo-</span> 
     </span>
     <span class='ocr_line' id='line_1_24' title="bbox 481 3176 1405 3270; baseline 0.002 -28"><span class='ocrx_word' id='word_1_209' title='bbox 481 3199 747 3264; x_wconf 88' lang='lat' dir='ltr'>rumque</span> <span class='ocrx_word' id='word_1_210' title='bbox 767 3176 1058 3244; x_wconf 87' lang='lat' dir='ltr'>valetudo</span> <span class='ocrx_word' id='word_1_211' title='bbox 1081 3201 1405 3270; x_wconf 87' lang='lat' dir='ltr'>prospera.</span> 
     </span>
    </p>

    <p class='ocr_par' dir='ltr' id='par_1_4' title="bbox 479 3289 2417 3486">
     <span class='ocr_line' id='line_1_25' title="bbox 570 3289 2417 3376; baseline 0.001 -25"><span class='ocrx_word' id='word_1_212' title='bbox 570 3290 659 3366; x_wconf 84' lang='lat' dir='ltr'>Ut</span> <span class='ocrx_word' id='word_1_213' title='bbox 698 3289 904 3376; x_wconf 88' lang='lat' dir='ltr'>itaque</span> <span class='ocrx_word' id='word_1_214' title='bbox 943 3292 1149 3357; x_wconf 83' lang='lat' dir='ltr'>valeat</span> <span class='ocrx_word' id='word_1_215' title='bbox 1189 3299 1297 3354; x_wconf 87' lang='lat' dir='ltr'>tua</span> <span class='ocrx_word' id='word_1_216' title='bbox 1330 3291 1564 3356; x_wconf 88' lang='lat' dir='ltr'>familia</span> <span class='ocrx_word' id='word_1_217' title='bbox 1584 3291 1965 3357; x_wconf 86' lang='lat' dir='ltr'>nobilissima</span> <span class='ocrx_word' id='word_1_218' title='bbox 1987 3291 2229 3356; x_wconf 91' lang='lat' dir='ltr'>coelum</span> <span class='ocrx_word' id='word_1_219' title='bbox 2259 3290 2417 3356; x_wconf 84' lang='lat' dir='ltr'>votis</span> 
     </span>
     <span class='ocr_line' id='line_1_26' title="bbox 479 3398 1347 3486; baseline 0.002 -24"><span class='ocrx_word' id='word_1_220' title='bbox 479 3398 776 3486; x_wconf 85' lang='lat' dir='ltr'>fatigabo.</span> <span class='ocrx_word' id='word_1_221' title='bbox 825 3399 1013 3465; x_wconf 88' lang='lat' dir='ltr'>Vivas</span> <span class='ocrx_word' id='word_1_222' title='bbox 1039 3398 1149 3464; x_wconf 93' lang='lat' dir='ltr'>diu</span> <span class='ocrx_word' id='word_1_223' title='bbox 1175 3399 1347 3464; x_wconf 82' lang='lat' dir='ltr'>felix.</span> 
     </span>
    </p>

    <p class='ocr_par' dir='ltr' id='par_1_5' title="bbox 569 3507 1300 3574">
     <span class='ocr_line' id='line_1_27' title="bbox 569 3507 1300 3574; baseline 0 -2"><span class='ocrx_word' id='word_1_224' title='bbox 569 3507 812 3573; x_wconf 86' lang='lat' dir='ltr'>Dabam</span> <span class='ocrx_word' id='word_1_225' title='bbox 842 3509 1300 3574; x_wconf 88' lang='lat' dir='ltr'>Stockholmiae</span> 
     </span>
    </p>

    <p class='ocr_par' dir='ltr' id='par_1_6' title="bbox 694 3618 1148 3795">
     <span class='ocr_line' id='line_1_28' title="bbox 842 3618 1016 3686; baseline 0.006 -3"><span class='ocrx_word' id='word_1_226' title='bbox 842 3618 1016 3686; x_wconf 84' lang='lat'>1738</span> 
     </span>
     <span class='ocr_line' id='line_1_29' title="bbox 694 3728 1148 3795; baseline -0.013 0"><span class='ocrx_word' id='word_1_227' title='bbox 694 3728 984 3795; x_wconf 87' lang='lat' dir='ltr'>Octobris</span> <span class='ocrx_word' id='word_1_228' title='bbox 1024 3730 1148 3791; x_wconf 85' lang='lat'>11·-</span> 
     </span>
    </p>
   </div>
  </div>
 </body>
</html>
