2952 5080
595 545 659 587 n.
690 545 752 591 ι..
783 544 1114 594 anmimo
1174 500 1179 517 ¹
1507 520 1635 587 196
2278 545 2528 589 vanus.

596 726 708 815 um
730 758 792 813 et
812 751 1066 815 hortum
1085 748 1764 823 Amstelaedamensem
1786 751 1852 814 in
1870 748 2151 815 Sibiricis
2175 749 2538 831 adhucdum

597 862 818 927 Florae
846 860 1027 926 donis
1050 882 1184 925 esse
1207 864 1610 947 pauperiora,
1643 864 1869 943 crescit
1897 883 2038 947 spes
2056 861 2226 940 fore,
2259 872 2330 927 ut
2353 863 2537 943 etiam

600 970 778 1036 vobis
805 1020 822 1047 ‚
877 980 1131 1057 peracto
1175 971 1394 1036 itinere
1438 983 1692 1059 gratum
1731 983 1798 1038 et
1832 972 2048 1036 utilem
2087 993 2188 1035 me
2221 960 2537 1058 praestare

599 1083 857 1167 possim.
931 1085 1010 1147 Et
1037 1083 1158 1162 ita,
1209 1093 1512 1169 quantum
1543 1106 1659 1170 per
1685 1083 1878 1148 fidem
1906 1080 2283 1175 Academiae
2323 1083 2566 1173 datam·

597 1192 743 1258 licet
770 1242 787 1269 ‚
844 1193 1158 1259 mehercle
1202 1214 1310 1258 ero
1342 1243 1358 1272 ,
1409 1201 1471 1258 et
1501 1195 1715 1259 amicis
1758 1194 1922 1260 veris
1953 1192 2239 1257 omnibus
2271 1189 2533 1257 demon-

598 1302 842 1376 strabo,
879 1323 981 1367 me
1009 1325 1138 1367 non
1169 1325 1339 1383 esse,
1378 1305 1485 1389 qui
1504 1326 1619 1390 per
1639 1305 1936 1390 temporis
1959 1305 2383 1370 necessitatem
2404 1305 2533 1371 for·

601 1421 661 1476 te
686 1411 886 1477 videri
917 1414 1139 1499 potui,
1177 1411 1638 1500 ingratitudinis
1669 1435 1873 1478 reum.

686 1522 874 1588 Haud
925 1523 1179 1587 memini
1233 1544 1347 1587 nos
1396 1544 1678 1610 unquam
1727 1521 1807 1588 de
1850 1523 2008 1587 thesi
2035 1544 2154 1609 pro
2179 1464 2530 1609 inaugurali

595 1642 757 1698 orat.
803 1633 1037 1698 botan.
1069 1632 1383 1718 seligenda
1427 1635 1770 1706 collocutos
1818 1635 2052 1714 fuisse,
2110 1655 2315 1720 neque
2342 1633 2531 1721 igitur

594 1745 853 1809 materia
877 1794 894 1822 ,
926 1746 975 1808 si
1002 1745 1161 1809 forte
1187 1746 1461 1831 aliquam
1485 1746 1827 1832 proposui,
1868 1745 2206 1809 memoriae
2236 1744 2525 1810 recurrit.

592 1854 658 1918 Si
697 1863 905 1918 tamen
943 1855 1152 1940 aliqua
1187 1852 1507 1921 laudanda
1547 1856 1702 1919 mihi
1743 1863 1871 1934 est,
1929 1855 2105 1918 nulla
2133 1863 2301 1918 certe
2332 1852 2530 1941 magis

588 1962 842 2039 arridet,
871 1982 1061 2049 quam
1083 1963 1329 2048 plenior
1355 1963 1434 2028 de
1457 1985 1645 2029 sensu
1668 1973 1969 2050 motuque
1986 1963 2158 2029 vitali
2175 1960 2530 2048 plantarum

582 2074 950 2162 disquisitio.
968 2073 1211 2162 Adtigit
1221 2076 1387 2140 hanc
1400 2077 1725 2141 materiam
1739 2078 1978 2162 primus
1992 2076 2235 2149 Comes,
2244 2076 2309 2139 ni
2316 2076 2527 2166 sallon!

583 2186 688 2253 dal
715 2189 948 2255 Lavola
963 2238 980 2266 ,
1016 2189 1240 2267 Italus,
1268 2189 1334 2251 in
1361 2188 1575 2254 libello
1601 2191 1702 2254 cui
1732 2190 1984 2253 titulus:
2026 2188 2331 2252 Diae-orso
2360 2189 2526 2251 della
2651 2261 2663 2274 ·

581 2299 971 2362 imitabilita
997 2299 1293 2362 d’alcuni
1301 2298 1494 2384 fiori,
1527 2309 1940 2363 nuovamente
1966 2308 2281 2381 scoperta,
2320 2298 2527 2363 Vene-

584 2408 683 2471 tiis
737 2407 912 2475 1764
956 2406 1152 2472 edito.
1231 2409 1451 2474 Varias
1488 2407 1714 2472 deinde
1744 2405 2205 2471 observationes
2237 2403 2317 2469 de
2350 2414 2529 2471 motu

584 2516 988 2583 flosculorum
1032 2520 1105 2588 —in
1147 2517 1494 2584 flosculosis
1540 2527 1602 2582 et
1638 2517 2038 2582 anthei-arum
2079 2516 2147 2580 in
2182 2513 2477 2601 Opuntia
2503 2566 2521 2596 ,

585 2624 931 2691 Borbem’de
962 2637 1035 2691 et
1082 2626 1254 2693 Cz‘sto
1298 2625 1382 2692 H
1374 2627 1751 2714 elianthemo
1803 2624 1998 2690 edidit
2043 2626 2418 2692 Koelreuter
2459 2626 2528 2689 in

586 2737 805 2802 Dritte
842 2737 1273 2831 Fortsetzung
1313 2743 1429 2802 der
1464 2737 1913 2803 Nachrichten
1933 2784 1952 2810 ,
2001 2737 2120 2801 das
2156 2732 2532 2801 Geschlecht

589 2849 713 2913 der*
743 2848 1066 2937 Pflanzen
1108 2850 1469 2937 hetreffend.
1528 2849 1776 2935 Leipzig
1803 2848 2000 2915 1766.
2032 2846 2159 2913 8V0.
2237 2848 2330 2910 Tu
2374 2867 2526 2912 vero

590 2957 930 3024 innumeris
961 2961 1399 3047 experimentis
1426 2960 1605 3025 novis
1626 2960 1793 3024 hanc
1814 2958 2121 3023 theoriam
2140 2979 2362 3022 ornare
2383 2979 2527 3043 pos-
2561 2955 2568 2962 ’

592 3088 691 3132 ses
722 3118 738 3146 ‚
774 3089 851 3132 ex
872 3070 1346 3135 instructissimo
1376 3070 1562 3134 horto
1589 3069 1888 3134 collectis.
1947 3068 2098 3131 Mihi
2127 3069 2312 3134 etiam
2335 3064 2526 3153 pluri-

594 3200 697 3244 ma
750 3182 952 3244 somni
995 3190 1057 3244 et
1097 3181 1449 3267 vigiliarum
1488 3181 1554 3242 in
1578 3180 1806 3264 plantis
1835 3180 2269 3265 phoenomena
2292 3178 2372 3244 ad
2396 3200 2524 3244 sen·

594 3311 736 3356 sum
767 3291 1104 3376 quemdam
1147 3299 1210 3354 et
1237 3290 1491 3366 vitalem
1529 3299 1771 3354 motum
1801 3290 2005 3375 potius
2034 3289 2364 3354 referenda
2393 3307 2525 3354 esse

594 3402 886 3469 rvidentur
908 3451 926 3477 ,
984 3424 1175 3489 quam
1227 3401 1310 3465 ad
1354 3401 1751 3466 mechanicos
1791 3399 2046 3465 effectus
2081 3402 2227 3466 solis
2257 3411 2319 3467 et
2341 3401 2519 3468 aeris.

598 3516 733 3577 Imo
786 3533 1117 3578 succorum
1153 3512 1217 3576 in
1248 3511 1472 3597 plantis
1495 3510 1759 3582 mutatio
1782 3518 1845 3573 et
1872 3511 2261 3596 praeparatio
2292 3519 2418 3574 tota
2443 3506 2525 3573 ad

597 3622 1042 3688 oscillationem
1074 3621 1327 3686 vitalem
1353 3629 1633 3684 texturae
1662 3618 2020 3705 vegetabilis
2049 3621 2208 3684 forte
2232 3618 2518 3710 pertinet.

492 3764 495 3768 ⁴
595 3733 968 3797 Praesertim
1017 3732 1172 3795 mira
1228 3742 1323 3796 est
1344 3783 1365 3810 ‚
1417 3732 1469 3796 si
1520 3752 1669 3798 vera
1690 3780 1709 3806 ,
1763 3731 2111 3805 observatio
2140 3777 2156 3808 ‚
2209 3748 2398 3813 quam
2434 3723 2518 3793 de

594 3842 1008 3927 Atractylide
1047 3843 1287 3908 Lobelii
1330 3844 1794 3930 Theophrastus
1836 3842 2026 3908 habet
2041 3891 2058 3918 ‚
2106 3860 2243 3903 eam
2264 3835 2515 3923 decerp-

597 3954 672 4016 tis
717 3950 1123 4028 tenerioribus
1152 3952 1316 4017 foliis
1345 3975 1606 4019 succum
1635 3947 2334 4041 sanguineumfundere
2353 3998 2370 4027 ,
2408 3947 2512 4034 qui
