2952 5080
541 547 598 590 ε.
626 544 956 591 mmmmm
1456 525 1578 591 80·
2085 574 2095 585 .
2133 510 2492 598 manuus(

622 838 721 917 43.
992 872 1001 915 .·
1114 906 1118 917 ‚
1171 839 1340 915 Viro
1384 838 1825 924 Amplissimo

1068 1032 1075 1039 .
1123 980 1248 1037 DD.
1274 978 1383 1038 10.
1404 976 1896 1050 .·BURMANNO‚‘
1964 1064 1970 1070 ο

1341 1091 1408 1155 S.
1432 1091 1540 1154 ΚΡΙ.
1576 1092 1657 1154 D.

1088 1258 1091 1263 -
1204 1221 1368 1277 CAR.
1393 1221 1791 1279 LINNAEUS.

1420 1329 1487 1388 E
1487 1352 1582 1408 qu.

546 1473 645 1595 Α
664 1506 885 1573 morbo
908 1490 1247 1573 etiamnum
1273 1505 1493 1570 debilis
1521 1506 1865 1571 examinavi
1889 1493 2219 1592 praeterita
2239 1519 2465 1577 aestate

540 1619 781 1702 plantas
830 1637 867 1680 a
907 1617 991 1679 Te
1041 1615 1409 1704 amicissime
1449 1616 1703 1700 missas3
1749 1625 2066 1703 quotquot
2096 1606 2271 1683 licuit
2295 1616 2473 1707 'nova
2519 1644 2526 1653 ·

542 1729 788 1819 Genera
819 1749 896 1790 ex
930 1728 1004 1790 iis
1045 1727 1264 1811 elicui3
1312 1737 1490 1791 erant
1511 1728 1678 1791 enim
1708 1724 1979 1814 plurima
1995 1732 2344 1816 *specimina
2369 1754 2469 1796 ru·

542 1839 720 1904 diora
741 1891 758 1919 ,
795 1836 967 1926 quod
994 1839 1147 1902 mihi
1175 1838 1326 1904 vitio
1356 1859 1485 1902 non
1508 1847 1711 1904 vertas
1727 1887 1746 1913 ‚
1777 1860 1923 1905 cum
1946 1842 2111 1906 ultra
2133 1834 2473 1928 procedere

542 1972 670 2015 non
700 1949 913 2028 datur,
945 1970 1136 2035 quam
1165 1948 1556 2014 fructificatio
1587 1947 1784 2014 ducit.
1835 1952 2148 2039 Descripsi
2171 1954 2288 2019 hos
2303 1953 2475 2031 Indi-

543 2088 650 2132 cos
673 2069 1059 2133 characteres
1081 2067 1149 2128 in
1167 2065 1391 2131 diffusa
1414 2068 1694 2153 epistola,
1723 2069 2061 2135 etiamnum
2084 2069 2329 2135 debilis.
2359 2073 2478 2137 Pre-
2515 2142 2527 2157 ·

539 2179 682 2242 misi
705 2176 968 2243 candide
999 2198 1214 2241 omnes
1247 2178 1487 2263 plantas
1508 2229 1527 2256 ‚
1561 2180 1733 2242 nulla
1762 2189 2016 2263 excepta
2031 2228 2048 2256 ,
2083 2201 2199 2264 per
2228 2182 2477 2253 Senato-

539 2311 679 2353 rem
707 2290 944 2353 Gother
957 2337 974 2366 ,
996 2288 1401 2351 Holmensem
1420 2338 1437 2366 ,
1460 2310 1577 2373 per
1600 2286 1792 2373 quem
1814 2289 2055 2374 plantas
2086 2290 2332 2374 accepi.
2367 2300 2439 2360 ‘ut
2452 2341 2469 2369 ‚

543 2398 596 2462 si
633 2399 819 2463 unica
860 2395 1135 2476 deficiat,
1182 2420 1329 2473 mea,
1355 2399 1557 2484 culpa·
1577 2399 1967 2471 nonfactum
1997 2398 2097 2462 sit.
2166 2399 2476 2485 Capenses

541 2519 672 2576 tam
700 2507 812 2576 diu
836 2508 1060 2588 retinui
1080 2559 1098 2588 ‚
1145 2530 1291 2574 cum
1322 2509 1411 2573 sic
1429 2506 1701 2593 jubebas
1724 2509 1792 2573 in
1821 2507 2349 2595 epistolaetvm'ih‘i
2377 2510 2481 2577 do-

543 2643 627 2686 no
667 2619 887 2696 dabas,
943 2643 1058 2707 pro
1096 2622 1322 2708 quibus
1341 2616 1687 2707 numquam
1713 2622 1858 2685 satis
1885 2624 2047 2696 Tuas
2069 2620 2285 2688 laudes
2307 2647 2479 2710 prae-

546 2733 768 2798 dicare.
787 2734 990 2799 valeo.
1059 2734 1512 2820 Responsorias
1551 2736 1752 2798 nullas
1791 2735 2034 2819 accepi,
2079 2732 2346 2819 ideoque
2367 2736 2479 2799 eti·

546 2865 801 2922 amnum
846 2844 1089 2910 nescius
1121 2866 1261 2908 sum
1275 2893 1291 2922 ‚
1342 2853 1558 2909 utrum
1599 2845 1886 2929 recepisti
1915 2846 2076 2909 Tuas
2114 2845 2354 2929 plantas
2371 2847 2484 2910 ·vel

549 2957 834 3041 accepisti
881 2978 1053 3021 meas
1099 2956 1306 3020 literas
1322 3006 1338 3035 ‚
1387 2957 1454 3020 in
1501 2956 1729 3043 quibus
1769 2955 2071 3042 descripsi
2097 2958 2483 3037 characteres

549 3087 857 3131 novorum
886 3068 1225 3146 Generum.

1017 3176 1307 3261 Upsaliae
1336 3174 1514 3243 1764
1543 3137 1611 3238 «1.
1652 3137 2092 3243 17‘Deoembr.

638 3283 802 3351 Ante
844 3287 1163 3353 octiduum
1190 3308 1510 3370 accessere
1548 3308 1694 3351 cum
1727 3286 1992 3385 navibus
2013 3288 2284 3354 exoticis
2320 3287 2492 3380 duae·

552 3399 737 3463 cistae
785 3400 1007 3484 plantis
1043 3397 1370 3462 rarissimis
1412 3396 1707 3475 refertae,
1749 3395 1862 3461 sed
1883 3396 2119 3485 absque
2147 3400 2339 3468 literis
2358 3451 2388 3477 „
2418 3407 2488 3462 ut

552 3510 825 3575 nesciam
842 3560 859 3589 ,
907 3508 1074 3574 unde
1104 3506 1374 3594 eaedem
1420 3508 1669 3586 missae.
1720 3509 1903 3572 Prior
1933 3512 2210 3586 continet
2241 3511 2484 3576 circiter
2599 3505 2604 3509 ’
2647 3497 2648 3502 “

552 3619 688 3686 400
725 3622 964 3706 plantas
1004 3619 1250 3686 Indicas
1274 3669 1291 3697 ‚
1340 3620 1505 3696 inter
1521 3642 1527 3648 ·
1544 3618 1695 3694 folia
1734 3620 2060 3692 chartacea
2097 3628 2436 3686 asservatas
2462 3669 2479 3697 ‚

558 3728 793 3814 absque
823 3730 1129 3807 numeri3‚
1178 3727 1289 3793 sed
1312 3749 1458 3794 cum
1486 3713 1840 3794 nominibus
1866 3729 2096 3794 Indicis
2124 3727 2480 3813 adscriptis3

558 3859 814 3905 manum
834 3862 961 3904 non
992 3843 1179 3924 novi3
1233 3864 1350 3908 nec
1370 3840 1619 3909 videtur
1643 3846 1773 3908 Tua
1792 3892 1808 3922 ,
1858 3865 1976 3906 nec
2005 3842 2115 3905 filii
2139 3840 2283 3920 Tui,
2332 3840 2489 3905 forte

560 3948 642 4013 ah
676 3971 781 4028 eo,
837 3952 944 4037 qui
979 3949 1061 4015 ad
1097 3953 1181 4015 Tc
1212 3973 1316 4036 eas
1341 3953 1530 4016 misit.
1578 3953 1866 4016 Laetatus'
1894 3952 2007 4014 has
2039 3951 2306 4035 inspexi,
2344 3971 2489 4016 cum
