2952 5080
467 522 549 570 J,
577 516 910 564 suumne
1430 499 1473 560 5
2095 518 2412 565 unwanus„

491 727 809 791 Schouten
836 734 898 789 et
937 725 1315 811 quaerebam
1359 746 1474 790 cur
1505 745 1607 788 me
1636 724 1925 793 fefellerit
1941 774 1957 802 ‚
2010 734 2073 788 et
2101 725 2273 812 quod
2298 728 2420 792 cito

490 836 893 923 responderet
925 836 1006 901 ad
1034 837 1357 924 epistolam
1376 826 1616 902 meam.
1657 833 2005 922 Respondit
2032 858 2179 902 mox
2208 859 2275 901 se
2306 839 2432 902 sol·-

488 947 726 1013 licitum
760 949 948 1012 fuisse
996 948 1073 1013 de
1118 949 1289 1014 bona
1329 970 1572 1035 papyro
1619 946 1836 1035 (quam
1878 968 2123 1033 semper
2149 947 2422 1012 intellexi

489 1076 615 1121 non
655 1058 788 1122 fore
837 1057 1162 1146 optimam)
1210 1057 1595 1146 acquirenda
1630 1066 1693 1122 et
1722 1066 1862 1121 ante
1891 1058 2051 1122 haec
2082 1057 2281 1144 egisse
2307 1081 2423 1144 per

483 1167 714 1232 litteras
745 1189 891 1233 cum
920 1171 1037 1233 Ι)1ιο
1091 1168 1169 1234 de
1201 1171 1382 1250 Grot‚
1423 1169 1812 1257 typographo
1831 1165 2244 1257 ‚Lugdunensi
2274 1171 2430 1255 opti-ff

483 1298 587 1341 mo
607 1327 624 1356 ‚
667 1298 855 1364 quem
884 1278 1082 1365 probe
1119 1280 1267 1345 novi
1286 1329 1302 1357 ‚
1348 1288 1420 1361 ut
1459 1281 1564 1343 ille
1611 1270 1767 1365 opus
1797 1279 2213 1365 imprimeret,
2263 1287 2326 1342 et
2352 1288 2434 1343 ut<

483 1407 601 1473 ego
618 1437 635 1466 ‚
672 1390 1173 1482 quamprimum
1201 1398 1445 1475 posset,
1497 1390 1842 1475 inciperem
1866 1398 2116 1474 typum3
2164 1398 2421 1474 accepto

481 1496 674 1563 hocce
708 1521 1007 1586 responso
1046 1523 1183 1566 cras
1220 1500 1368 1588 petii
1410 1502 1638 1565 iterum
1659 1498 2040 1587 Lugdunum
2059 1549 2075 1579 ,
2131 1496 2283 1563 dum
2307 1499 2420 1562 iste

477 1603 556 1669 de
587 1606 744 1672 Grot
777 1630 858 1672 ne
888 1631 1002 1695 per
1031 1611 1344 1675 somnium
1370 1586 1674 1697 umquam
1704 1607 1784 1673 de
1815 1608 1977 1673 libro
1999 1609 2117 1672 isto
2144 1607 2381 1674 audivit
2393 1644 2413 1686 ·,

475 1713 758 1803 adeoque
804 1716 1044 1785 derisus
1091 1701 1321 1785 iterum
1365 1720 1543 1785 abire
1584 1730 1835 1786 coactus
1880 1728 1944 1783 et
1975 1739 2121 1782 cum
2154 1717 2287 1782 risu
2328 1728 2442 1782 re·'

474 1847 696 1892 versus
727 1829 886 1895 haec
920 1824 1169 1918 scripsi?
1201 1832 1330 1896 heu
1353 1833 1462 1917 qui
1493 1852 1700 1896 mores
1715 1882 1731 1910 ‚
1772 1851 1933 1917 quae
1957 1828 2148 1894 fides!
2212 1827 2421 1891 Meum

477 1945 571 1999 est
600 1958 757 2022 opus
773 1987 789 2015 ‚
826 1960 1003 2002 meus
1027 1941 1208 2003 labor
1223 1990 1240 2017 ‚
1270 1941 1396 2003 mei
1420 1939 1713 2019 sudores,
1762 1962 1975 2005 meum
2002 1941 2122 2003 iter
2136 1987 2153 2017 ,
2188 1959 2304 2024 ego
2333 1938 2420 2001 Si·

474 2044 601 2108 mia
643 2066 773 2108 non
821 2066 931 2108 ero
948 2096 964 2124 ,
996 2045 1127 2109 ¹sed
1168 2057 1312 2110 tuus
1344 2067 1592 2131 semper
1611 2095 1628 2124 ‚
1686 2068 1918 2131 quaeso
1947 2045 2263 2111 condones
2298 2066 2421 2108 ser-

473 2175 625 2218 vum
658 2124 874 2233 tuum,
917 2155 1026 2240 qui
1063 2157 1198 2219 vult
1222 2165 1285 2218 et
1315 2153 1505 2218 debet
1526 2157 1593 2217 in
1618 2155 1906 2219 omnibus
1928 2164 1990 2217 te
2012 2151 2269 2216 obedire
2287 2201 2303 2229 ‚
2351 2153 2421 2215 li·

473 2272 570 2327 cet
593 2263 700 2327 hic
729 2262 1121 2328 succumbat.
1176 2262 1424 2344 Quaeso
1458 2263 1671 2349 itaque
1695 2270 1757 2325 et
1779 2265 1959 2325 enixe
1984 2282 2138 2347 rogo
2158 2281 2419 2338 ,conce—

473 2372 585 2441 das
619 2374 774 2438 mihi
807 2394 991 2461 agere
1015 2374 1083 2437 in
1110 2395 1180 2438 re
1202 2374 1458 2460 propria
1489 2394 1629 2437 mea
1660 2370 1815 2457 quid
1843 2370 2034 2437 velim
2051 2417 2070 2444 ,
2116 2366 2419 2456 quodde-

472 2482 592 2547 beo
611 2534 627 2563 ,
680 2506 760 2551 ne
799 2485 960 2571 pilae
1008 2485 1203 2550 instar
1241 2485 1513 2550 lusoriae
1552 2485 1681 2549 huc
1714 2483 1989 2569 illucque
2010 2481 2248 2568 agitent
2266 2498 2369 2543 me
2394 2529 2411 2557 ‚

477 2593 583 2677 qui
601 2594 745 2658 licet
761 2595 1267 2680 circumscriptus
1297 2618 1425 2660 non
1455 2596 1575 2660 sim
1593 2645 1609 2673 ‚
1638 2603 1848 2658 tamen
1876 2592 2054 2679 quasi
2080 2610 2281 2655 essem
2302 2609 2414 2654 vo-

469 2704 532 2767 lo
550 2755 567 2785 ‚
603 2726 682 2769 ne
713 2707 799 2769 Te
825 2703 1103 2784 laedam,
1136 2728 1215 2770 ne
1245 2716 1466 2772 contra
1494 2707 1579 2769 Te
1609 2706 1868 2769 unicum
1892 2699 2132 2788 aliquid
2155 2700 2406 2784 faciam.

470 2814 754 2880 Dimittas
785 2825 964 2880 tuum
997 2816 1278 2882 favorem
1306 2838 1424 2902 pro
1452 2818 1569 2880 Ι)Ῑῐιο
1610 2807 1926 2879 Schouten
1940 2860 1957 2885 ,
2004 2812 2106 2877 vel
2135 2810 2293 2881 mihi
2314 2830 2410 2873 ae·

471 2925 722 3008 qualem
758 2946 909 2989 ⁴cum
937 2947 1012 2989 eo
1043 2924 1350 2992 concedas
1384 2936 1447 2990 et
1473 2923 1718 2991 videbis
1752 2944 1908 3009 opus
1927 2972 1943 3002 ,
1993 2919 2073 2985 de
2104 2941 2231 3006 quo
2256 2918 2408 3006 opti·

469 3053 570 3097 me
609 3037 1002 3120 promeruisti
1043 3047 1106 3101 et
1141 3039 1207 3125 in
1240 3059 1366 3123 quo
1409 3048 1519 3103 tua
1561 3036 1781 3120 merita
1824 3043 1895 3098 ut
1920 3031 2108 3097 debui
2138 3031 2364 3119 agnovi
2383 3080 2405 3108 ,

467 3144 645 3208 brevi
669 3146 1062 3233 impressum.
1132 3150 1290 3216 Vale
1316 3170 1463 3214 cum
1491 3146 1926 3212 honestissima
1962 3153 2070 3237 tua
2091 3141 2323 3205 familia
2345 3151 2413 3204 et

470 3278 571 3321 me
597 3277 757 3321 ama.
786 3259 1107 3325 Rescribe.
1134 3256 1285 3340 dab.
1314 3259 1737 3344 Hartecampi.
1772 3256 1941 3325 1736
1966 3252 2169 3340 April.
2205 3254 2311 3316 12.
