2952 5080
523 560 806 604 nummo
845 617 850 620 ,
1419 538 1546 604 149
1966 547 2015 600 ’.ι
2028 587 2042 602 .
2076 559 2464 605 nonnarum

609 766 676 830 Si
706 787 745 830 a
774 751 851 829 te⁶
874 751 1198 853 deprecdri
1219 761 1526 830 auderem
1543 815 1561 845 ,
1606 766 1836 831 vellem
1861 765 2021 830 mihi
2045 786 2124 829 ex
2146 767 2332 833 horto
2357 779 2464 835 tuo

505 875 991 941 instructissimo
1021 873 1469 968 transmitteres
1482 874 1682 966 simul
1704 874 1943 940 semina
1966 875 2274 941 rariorum
2293 878 2464 963 plan-

515 996 724 1051 torum
742 1036 780 1066 ,³
810 995 881 1050 ut
928 994 1025 1064 et,
1075 986 1128 1050 si
1168 986 1437 1072 supersit
1467 985 1581 1050 tibi
1617 987 1801 1071 copia
1830 988 2187 1072 plantarum
2217 987 2464 1055 siccata-

497 1085 656 1161 ‘rum
682 1098 749 1160 in
774 1097 956 1161 horto
986 1106 1094 1161 tuo
1120 1098 1506 1162 Elthamensi
1528 1098 1988 1163 accuratissime
2014 1097 2465 1165 delineatarum

514 1230 591 1274 ac
622 1207 1074 1294 descriptarum
1107 1230 1222 1295 pro
1252 1208 1546 1273 herbario
1578 1230 1720 1273 meo
1756 1206 2105 1293 supplendo
2126 1259 2144 1288 ,
2180 1229 2280 1273 res
2302 1217 2465 1273 esset

514 1319 669 1383 mihi
717 1341 908 1406 quam
951 1321 1296 1410 gratissima
1338 1331 1401 1384 et
1441 1320 1915 1386 officiosissima.
1996 1319 2327 1385 Caeterum
2372 1321 2463 1384 nil

512 1430 662 1496 novi
709 1430 916 1495 haheo
936 1479 953 1509 ,
1013 1429 1131 1494 nisi
1186 1428 1361 1517 quod
1403 1428 1660 1495 Hortus
1707 1405 2158 1518 Cfiffortianus
2179 1428 2359 1494 brevi
2384 1430 2465 1494 sit

512 1536 877 1624 proditurus
923 1560 1113 1624 opera
1154 1539 1412 1604 Linnaei
1432 1589 1448 1617 ,
1510 1537 1692 1625 cujus
1725 1539 1831 1603 alii
1860 1547 2156 1604 tractatus
2179 1538 2311 1602 sine
2342 1536 2460 1602 du-

504 1650 612 1715 bio
642 1647 781 1734 jam
807 1648 889 1714 ad
910 1671 1134 1715 manus
1163 1659 1302 1714 tuas
1324 1669 1695 1735 pervenere.
1747 1648 2078 1714 Caeterum
2104 1650 2360 1737 longam
2380 1648 2460 1711 ti-

502 1760 572 1825 hi
625 1769 772 1846 opto
823 1762 1085 1826 salutem
1123 1769 1185 1824 et
1227 1760 1421 1825 vitam
1441 1810 1458 1837 ,
1519 1758 1837 1824 communi
1860 1758 2030 1824 bono
2055 1809 2072 1838 ,
2128 1759 2458 1824 Botanices

505 1867 720 1934 decori
762 1892 1030 1956 meoque
1075 1869 1303 1957 gaudio
1322 1907 1356 1949 ,g
1397 1870 1593 1956 sique,
1625 1891 1729 1938 me
1765 1871 2138 1938 commercio
2162 1869 2458 1934 botanico

504 1978 803 2042 litterario
851 1979 917 2041 in
946 1987 1270 2068 posterum
1285 2045 1288 2052 ,
1306 1977 1498 2042 beare
1531 1976 1845 2070 digneris2⁴
1881 1979 1998 2043 crit
2030 2000 2155 2063 quo
2189 1976 2458 2043 maxime

506 2086 853 2152 delectarer
895 2095 957 2151 et
993 2087 1107 2151 tibi
1145 2065 1549 2180 summopere
1576 2082 1924 2164 ,obstrictus
1955 2096 2019 2151 et
2047 2085 2334 2152 addictus
2363 2086 2459 2150 fo-

504 2218 665 2262 rem.
735 2197 894 2264 Vale
917 2247 935 2276 ,
998 2198 1096 2264 vir
1129 2195 1490 2262 doctissime
1518 2246 1536 2278 ,
1595 2217 1826 2285 meque
1854 2197 2071 2279 favore
2096 2206 2201 2262 tuo
2227 2203 2295 2260 et
2313 2216 2464 2262 con·-

501 2309 641 2374 silio
670 2307 967 2394 prosequi
996 2330 1075 2373 ne
1106 2307 1488 2398 dedigneris.
2004 2297 2009 2306 ’

923 2620 932 2637 Ι

911 2650 1078 2677 re.
