2952 5080
447 550 716 594 mimum
1300 556 1307 567 ’
1354 527 1435 593 41
1890 551 1945 594 J.
1979 546 2365 595 nuumms.

490 755 785 822 Dabam
798 752 1090 841 Upsaliac
1120 752 1447 823 1760d.1
1487 752 1789 818 Februar.
1877 798 1882 803 -
1985 796 1994 805 x
2023 796 2026 801 -
2133 796 2142 803 -

454 896 457 905 <
533 867 774 953 Incepit
792 886 992 952 nuper
1018 864 1259 930 Bulbus
1279 862 1537 952 quidam
1555 862 1887 949 Capensis,
1921 865 2068 928 olim
2090 887 2128 929 a
2148 875 2210 929 te
2231 864 2372 930 mis-

445 998 586 1057 sus,
613 974 982 1063 protrudere
1004 977 1271 1063 spicam,
1302 996 1463 1063 quae
1480 974 1676 1039 refert
1689 971 1773 1039 H
1762 975 2181 1059 yamnthum
2204 984 2268 1040 at
2283 975 2374 1040 fo-

441 1086 528 1150 lia
567 1084 648 1150 ad
675 1085 951 1151 radicem
978 1074 1217 1151 lih‘aoea
1234 1136 1251 1165 ,
1302 1082 1415 1149 sed
1435 1082 1774 1171 singularia
1802 1091 1866 1147 et
1892 1083 2071 1168 quasi
2095 1074 2390 1148 verrucis*

443 1195 745 1262 viridibus
796 1196 1117 1285 adspersa
1184 1198 1437 1262 Utinam
1480 1195 1741 1261 feliciter
1785 1194 2138 1281 perveniret
2166 1192 2254 1259 ad·
2270 1193 2379 1259 flo-

443 1307 810 1372 rescentiam
822 1331 840 1390 3
871 1308 1136 1374 similem
1166 1316 1348 1373 antea
1376 1307 1484 1373 vix
1510 1304 1665 1371 vidi.
1706 1304 2007 1391 Optarem
2028 1325 2164 1370 esse
2190 1302 2276 1370 H
2264 1326 2378 1391 ya-

443 1418 732 1483 abachum
750 1428 932 1491 ,tuum
945 1421 1115 1508 flore
1130 1420 1373 1493 vin'cli,
1397 1418 1640 1503 petalis
1666 1418 1988 1482 caudatus.

527 1737 624 1779 αι.
1081 1733 1378 1793 cARoLo
1417 1732 1757 1792 LINNAEO
1833 1782 1845 1803 ,

1180 1865 1270 1960 (ι.
1320 1864 1842 1961 susumus.)

1698 2006 1792 2076 25
1814 2000 2036 2078 Febr.
2070 2006 2279 2077 1760

441 2116 714 2257 Ambas
740 2198 879 2257 tuas
908 2192 1189 2281 egregias
1215 2190 1403 2278 hujus
1426 2193 1574 2257 anni
1596 2192 1888 2279 epistolas
1903 2189 2077 2278 justo
2102 2201 2381 2278 tempore

441 2303 685 2389 accepi,
722 2324 839 2390 pro
880 2302 1109 2389 quibus
1152 2302 1443 2369 devotam
1472 2299 1672 2367 reddo
1703 2311 2010 2387 mentem,
2050 2311 2382 2389 gratesque

442 2412 698 2499 insuper
744 2435 862 2501 ago
889 2434 1167 2479 summas
1193 2433 1319 2500 pro
1332 2422 1795 2501 navatampera
1822 2435 1937 2501 per
1961 2412 2382 2478 communica-

443 2531 536 2589 tas
576 2534 714 2591 tuas
756 2525 1220 2593 observationes
1268 2525 1336 2591 in
1379 2523 1747 2591 adornando
1790 2525 2107 2591 Plumierii
2144 2546 2333 2611 opere
2358 2574 2377 2604 ‚
2433 2582 2444 2606 ,

444 2635 617 2721 quod
655 2636 907 2703 tandem
941 2637 1298 2704 ahsolutum
1340 2657 1419 2702 ac
1452 2637 1588 2703 fere
1623 2646 1824 2704 totum
1862 2638 2234 2724 impressum
2253 2645 2376 2717 est,

443 2745 620 2832 cujus
666 2748 955 2813 ultimum
995 2757 1234 2812 tomum
1284 2750 1569 2836 proxima
1611 2733 1857 2814 favente
1901 2749 2225 2814 occasione
2246 2748 2381 2812 mit-

444 2865 571 2921 tam
589 2908 607 2936 ‚
658 2860 726 2922 in
761 2842 940 2944 cujus
989 2858 1372 2945 praefatione
1421 2855 1708 2924 meritam
1736 2858 1850 2923 tihi
1878 2859 2068 2924 tribui
2095 2855 2375 2931 laudem,

292 2997 297 3004 ·
442 2975 611 3031 tanto
634 2968 791 3034 Viro
821 2989 896 3033 ae
918 2990 1162 3034 summo
1194 2969 1497 3034 Botanieo
1529 2968 1808 3058 dignam.

529 3078 795 3143 Ultimae
826 3088 966 3145 tuae
998 3081 1241 3147 litterae
1256 3132 1273 3161 ,
1324 3090 1574 3168 utputo
1590 3132 1607 3160 ,
1645 3081 1872 3167 raptim
1899 3088 2046 3145 sunt
2074 3079 2340 3165 scriptae
2356 3130 2375 3161 ‚

442 3210 637 3275 quum
673 3189 754 3255 ad
787 3192 962 3257 varia
992 3202 1362 3280 argumenta
1399 3194 1463 3256 in
1488 3193 1645 3258 meis
1671 3191 1985 3279 prioribus
2015 3191 2235 3255 litteris
2257 3209 2380 3254 me·

439 3293 682 3364 morata
711 3321 837 3366 non
874 3301 1271 3388 respondisti.
1339 3301 1642 3369 Desidero
1682 3303 1850 3367 enim
1881 3322 2070 3387 quam
2108 3299 2378 3363 maxime

440 3430 518 3473 ex
526 3417 600 3473 -te
625 3430 999 3496 cognoscere
1017 3462 1034 3491 ,
1064 3433 1340 3499 quonam
1359 3434 1574 3480 mense
1595 3410 1975 3479 conduceret
1994 3409 2105 3475 filii
2128 3408 2252 3472 mei
2273 3403 2378 3471 ad-

438 3534 661 3587 ventus
703 3521 771 3584 in
800 3501 1071 3588 restrum
1101 3523 1325 3591 urbem
1342 3575 1359 3604 ‚
1401 3533 1475 3589 ut
1503 3524 1627 3588 tuis
1655 3522 1903 3588 aestivis
1923 3522 2220 3584 interesse
2240 3539 2378 3604 pos·

428 3630 924 3696 =set‹lectionibus
943 3679 960 3709 ,
1010 3633 1189 3717 sique
1211 3634 1298 3698 ita
1327 3634 1464 3698 fieri
1493 3640 1704 3719 posset
1719 3680 1736 3709 ‚
1783 3637 2028 3715 optaret
2048 3628 2151 3693 ille
2174 3626 2376 3714 hospi-

443 3741 528 3806 tio
556 3742 681 3807 frui
707 3737 967 3828 alicujus
990 3742 1488 3830 Pharmaoopaei·
1508 3744 1576 3806 in
1598 3740 1825 3806 vicinia
1855 3749 1962 3805 tua
2002 3737 2335 3805 habitantis
2353 3788 2371 3816 ,

445 3858 516 3912 ut
547 3851 885 3918 subsecivis
920 3853 1309 3918 horis÷sim111
1341 3851 1772 3917 Pharmaciam
1800 3862 2012 3939 posset
2044 3846 2369 3935 exercere3

444 3959 611 4027 unde
629 4013 646 4043 ,
692 3964 746 4028 si
785 3965 973 4031 talem
1015 3964 1291 4051 potueris
1335 3962 1626 4029 obtinere
1639 3963 2030 4032 occasionem
2052 4013 2070 4042 ‚
2117 3961 2376 4047 arripias
