2952 5080
452 543 517 584 ιι.
543 540 604 583 ι.
635 539 970 583 wanno
1366 520 1500 583 233
2025 550 2032 561 ·
2147 540 2394 583 rums.

458 747 541 813 ad
589 729 919 813 minimum
967 748 1307 833 transigere
1350 746 1552 812 debeo
1583 796 1600 824 ,
1656 746 1922 832 spatium
1947 747 2133 831 plura
2159 747 2399 811 eluces-

458 868 639 941 cent3
689 869 947 944 tumque
975 855 1055 922 de
1085 857 1373 923 omnibus
1402 858 1691 922 certiora.
1766 858 1861 920 Tu
1886 854 2077 922 modo
2099 858 2349 922 interim
2376 908 2395 937 ,

459 969 511 1031 si
536 969 808 1033 amicum
842 967 1062 1055 diligas
1094 977 1157 1031 et
1185 976 1442 1032 naturae
1480 968 1674 1033 cultui
1705 975 2139 1033 consecratum
2166 967 2401 1033 habere

459 1078 612 1143 velis
629 1128 647 1156 ‚
684 1099 846 1164 quae
871 1078 1230 1163 pgaeparari
1251 1086 1513 1162 possunt
1525 1075 1699 1163 apud
1723 1077 1956 1142 amicos
1978 1086 2118 1145 tuos
2140 1098 2394 1163 praepa·

457 1211 529 1254 ra
560 1239 576 1267 ,
624 1211 850 1277 meque
904 1190 1118 1256 fovere
1148 1199 1212 1253 et
1239 1187 1499 1276 diligere
1539 1211 1753 1275 perge.
1796 1226 1886 1265 -ε
1912 1188 2102 1267 Vale,
2150 1189 2350 1253 amice
2374 1239 2421 1273 ,ἡ

458 1311 729 1385 cumque
789 1296 1187 1363 dssectissima
1223 1298 1458 1385 familia
1499 1305 1630 1364 tua·
1671 1298 1962 1363 omnihus
2015 1299 2177 1364 vitae
2217 1297 2401 1364 honis

454 1406 689 1471 fruere.

544 1518 708 1582 Dab
738 1519 1054 1602 Petropoli
1095 1516 1164 1581 d.
1195 1519 1241 1582 3
1268 1515 1538 1607 Augusti
1574 1517 1770 1586 1774.

532 1630 656 1693 -Ps,
677 1628 1104 1733 3Gmelinum‚
1133 1648 1323 1717 quem
1340 1629 1407 1692 in
1424 1629 1776 1714 captivitate
1799 1628 1968 1714 apud
1988 1631 2241 1699 Tamaros
2258 1631 2403 1695 Les—

446 1762 561 1828 gos
586 1710 846 1823 Caucasi
860 1728 1109 1809 incolas
1127 1739 1391 1817 detineri
1421 1740 1536 1804 tibi
1561 1740 1894 1821 nunciavi,
1924 1742 1990 1804 in
2013 1763 2179 1828 quos
2200 1740 2402 1806 redux

448 1871 484 1914 e
516 1850 792 1931 secundo
832 1853 1082 1917 Persico
1122 1851 1343 1939 itinere
1376 1850 1642 1929 incidit,
1669 1872 1862 1915 nunc
1901 1852 1967 1914 in
1994 1852 2393 1939 captivitate,

446 1968 763 2029 mortuum
793 1982 929 2024 esse
959 1961 1129 2025 fama
1158 1962 1324 2044 fert3
1379 1961 1601 2025 saltem
1617 1960 1893 2031 ,nuncius
1918 1958 2016 2027 des
2029 1981 2105 2025 eo
2136 1962 2395 2030 infortu-

442 2072 577 2144 noi,
611 2072 756 2149 licet
785 2092 913 2135 ιιοιι
942 2070 1026 2135 ad
1056 2069 1500 2157 Academiam,
1530 2072 1658 2155 huc
1685 2071 2008 2165 pervenit.
2003 2107 2107 2131 -ψ
2119 2072 2233 2145 De
2259 2074 2392 2136 tris—
2435 2119 2452 2131 .

441 2182 486 2245 ti
535 2183 708 2261 exitu
750 2182 937 2246 amici
979 2180 1301 2269 quondam
1325 2182 1568 2249 sinceri
1595 2182 1724 2245 mei
1754 2180 1954 2245 Falkii
1985 2179 2246 2247 studiosi
2276 2181 2391 2246 tihi

440 2314 701 2398 narrare
727 2302 1046 2378 poterunt.
1105 2291 1677 2378 Hypoohondriasis
1709 2291 1964 2387 tandem
1993 2293 2169 2385 vicit,
2226 2268 2387 2357 toto-

439 2423 579 2488 que
600 2368 836 2469 itineris
864 2412 1147 2489 tempore
1176 2404 1338 2471 male
1367 2401 1654 2466 habitum
1682 2403 1948 2482 ultimo,
2001 2423 2080 2467 ne
2110 2424 2257 2467 cum
2280 2404 2386 2491 ali-

438 2532 566 2599 quo
604 2510 911 2590 dedecore
952 2515 1117 2580 male
1164 2523 1375 2602 gestae
1415 2534 1533 2600 per
1569 2511 1991 2582 valetudinem
2022 2513 2114 2579 rei
2136 2514 2265 2584 huc
2294 2534 2390 2584 re·

396 2647 401 2650 “
438 2622 636 2705 diret,
678 2623 762 2721 ad
798 2632 1075 2687 extrema
1105 2626 1365 2716 consilia
1393 2627 1695 2690 miserum
1725 2626 2048 2712 compulit.
2099 2626 2387 2712 Cultrum

437 2738 612 2824 prius
641 2715 991 2802 tonsorium
1021 2745 1345 2822 expertum
1378 2735 1835 2822 deterritusque
1866 2736 2115 2811 dolore,
2151 2740 2382 2826 solope-

437 2857 502 2912 to
545 2848 818 2916 manuali
849 2847 1130 2912 cranium
1162 2847 1388 2936 fregit,
1437 2845 1666 2935 glande
1695 2868 1808 2933 per
1830 2845 2129 2934 jugulum
2154 2850 2223 2913 in
2245 2870 2378 2914 ver-

436 2959 618 3024 ticem
647 2960 896 3038 emissa.
