2952 5080
597 530 659 572 n.
697 532 756 572 ι..
784 527 1118 574 avanano
1494 509 1628 573 252
2178 530 2524 579 mmm.

591 738 889 824 singulari
934 748 997 802 et
1049 739 1232 824 copia
1274 758 1499 822 magna
1551 745 1857 803 occurrat.
1928 737 2117 800 Illum
2159 757 2307 802 cum
2334 737 2520 802 variis

588 847 721 910 aliis
748 847 906 911 fucis
941 856 1004 912 et
1023 848 1182 913 ulvis
1204 896 1219 924 ‚
1271 826 1572 933 spongiis,
1606 844 1967 931 lithophytis
1997 854 2060 909 et
2090 847 2410 911 conchiliis
2439 845 2521 911 ad

586 934 794 1025 littora
825 957 1077 1045 collegi3
1117 957 1391 1022 conchae
1415 978 1566 1023 vero
1595 965 1660 1021 ct
1677 956 1973 1031 cochleae
1991 1004 2009 1033 ‚
2043 976 2202 1042 quas
2230 955 2312 1021 ad
2335 958 2520 1021 hasce

585 1067 864 1130 littorum
887 1088 1028 1131 oras
1054 1065 1314 1152 rejectas
1339 1066 1469 1133 vidi
1497 1117 1513 1145 ,
1552 1068 1797 1132 nullum
1816 1064 1949 1130 fere
1969 1066 2237 1131 nitorem
2260 1066 2516 1131 habent.

591 1174 829 1241 Ooealzls
857 1187 950 1243 est
973 1199 1171 1266 genus
1186 1226 1204 1252 ,
1241 1177 1414 1265 quod
1436 1180 1613 1243 hisce
1631 1177 1950 1243 mensibus
1973 1176 2154 1243 floret
2178 1179 2481 1263 imprimis
2500 1199 2518 1240 ε

582 1288 718 1353 illas
750 1300 1038 1355 accurate
1068 1289 1414 1355 examinavi
1446 1300 1511 1353 et
1537 1299 1786 1375 praeter
1815 1298 2002 1353 antea
2031 1290 2306 1376 cognitas
2334 1338 2351 1367 ,
2411 1287 2522 1352 ali-

583 1410 737 1485 quot
767 1398 1084 1465 distinctas
1110 1400 1344 1485 species
1375 1401 1668 1479 constitui
1699 1411 1762 1464 et
1792 1398 2090 1484 descripsi
2116 1424 2134 1483 3
2173 1397 2346 1462 deest
2364 1398 2521 1461 mihi
2569 1462 2584 1477 x

581 1516 790 1573 tamen
821 1509 1030 1605 adbuc
1056 1511 1296 1574 fructus
1325 1510 1768 1596 plerarumque
1798 1560 1814 1589 ‚
1871 1531 2059 1597 quem
2086 1506 2362 1573 nondum
2393 1528 2521 1572 ma·

583 1630 971 1687 turaverunt.
1029 1618 1197 1685 Aves
1230 1610 1470 1707 aliquot
1492 1643 1608 1707 pro
1639 1622 1923 1708 pecuniis
1952 1623 2274 1707 acquirere
2298 1608 2472 1705 potui
2495 1668 2513 1696 ‚

582 1752 851 1817 quarum
876 1752 1209 1797 numerum
1239 1734 1468 1815 sensim
1494 1710 1741 1822 augebo
1766 1758 1783 1818 3
1837 1734 2030 1819 pelles
2064 1754 2283 1798 earum
2315 1730 2520 1796 detra-

580 1841 665 1905 ho
692 1891 709 1920 ,
769 1843 896 1907 sale
929 1852 991 1907 et
1018 1843 1288 1908 tinctura
1315 1844 1484 1908 aloes
1512 1846 1841 1931 spirituosa
1868 1840 2149 1908 balsamo
2177 1893 2194 1922 ‚
2246 1841 2518 1906 tandem—

580 1974 704 2039 que
733 1955 971 2038 repleo.
1023 1954 1204 2020 Circa
1232 1957 1492 2022 nomina
1514 1957 1726 2022 avium
1755 1952 2033 2019 eruenda
2051 2001 2071 2027 ,
2119 1974 2349 2040 magna
2369 1950 2523 2016 mihi

576 2075 673 2129 est
709 2063 1065 2143 (liniendus,
1114 2089 1262 2157 cum
1291 2069 1503 2134 nullus
1528 2067 1682 2133 mihi
1709 2067 1790 2134 ad
1820 2086 2043 2132 manus
2075 2067 2154 2130 sit
2176 2065 2337 2130 liber
2357 2114 2374 2143 ‚
2421 2085 2523 2129 cu-

566 2176 675 2264 jus
705 2177 935 2262 figuras
965 2163 1291 2244 consulere
1321 2201 1617 2268 possum3
1673 2201 1806 2245 mas
1830 2181 1966 2244 fere
1994 2199 2242 2265 semper
2266 2176 2400 2241 aliis
2419 2197 2524 2241 co-

576 2287 814 2359 loribus
845 2298 1033 2375 atque
1059 2289 1294 2354 femina
1316 2289 1478 2371 ludit
1507 2299 1570 2354 et
1581 2288 1814 2357 2variat.
1873 2291 2018 2355 Huc
2044 2307 2246 2370 usque
2275 2284 2522 2367 saepius
2611 2316 2616 2321 ·

574 2399 747 2489 solus
771 2400 1113 2486 exspatiavi
1134 2451 1151 2479 ,
1209 2401 1450 2487 plantas
1475 2401 1849 2465 collecturus
1877 2447 1894 2476 ‚
1947 2417 2065 2461 nec
2087 2396 2207 2459 nisi
2236 2416 2351 2480 pro
2397 2416 2518 2459 nu—

574 2522 812 2578 merata
864 2514 1131 2600 pecunia
1176 2532 1441 2598 puerum
1490 2513 1590 2582 vel
1629 2530 1883 2580 servum
1908 2505 2265 2574 conducere
2295 2507 2468 2594 potui
2494 2557 2511 2586 ‚

572 2625 684 2710 qui
733 2626 900 2691 viam
931 2633 1303 2691 monstraret
1331 2634 1395 2690 et
1425 2626 1670 2711 plantas
1701 2622 1964 2689 domum
1996 2630 2310 2707 portaret3
2364 2607 2519 2705 pau-

571 2758 681 2802 cos
721 2735 862 2802 ideo
901 2737 1129 2802 bulbos
1169 2736 1448 2802 effodere
1479 2737 1654 2823 potui
1673 2786 1689 2815 ‚
1750 2736 1862 2822 qui
1890 2734 2077 2799 etiam
2093 2734 2217 2797 hoo
2238 2742 2517 2816 tempore

502 2935 507 2940 ἡ
574 2840 702 2912 non
730 2845 912 2912 facile
934 2847 1338 2913 inveniuntur
1355 2897 1372 2926 ‚
1412 2868 1561 2913 cum
1588 2867 1798 2931 neque
1833 2846 2076 2910 caulem
2099 2863 2314 2928 neque
2331 2841 2517 2906 flores

574 2958 868 3022 habeant.

510 3071 513 3076 ⁴
664 3067 966 3134 Desidero
1013 3082 1078 3135 et
1116 3082 1266 3158 opto
1305 3074 1706 3139 vehementer
1729 3120 1747 3149 ‚
1808 3079 1880 3134 ut
1905 3069 2303 3135 Gubernator
2320 3117 2337 3146 ‚
2392 3067 2519 3130 Do-

575 3178 782 3242 minus
846 3178 1106 3245 Rheede
1171 3203 1294 3246 van
1353 3179 1736 3245 Oudshoorn
1772 3244 1780 3252 ,
1810 3180 2018 3244 salvus
2081 3188 2143 3243 et
2191 3176 2520 3242 incolumis

574 3289 704 3352 huc
733 3286 1046 3356 adveniat.
1098 3294 1294 3376 Spero
1325 3291 1499 3355 hunc
1528 3292 1948 3380 Maecenatem
1970 3288 2126 3353 mihi
2151 3288 2470 3354 fauturum
2492 3333 2510 3363 ‚

570 3408 642 3463 ut
694 3401 916 3466 melius
962 3403 1222 3489 exsequi
1263 3402 1500 3487 possim
1528 3400 1740 3466 debita
1761 3422 1903 3465 mea
1929 3400 2094 3464 circa
2124 3398 2516 3463 collectiones

572 3510 951 3575 naturalium
981 3520 1045 3574 et
1070 3521 1142 3575 ut
1168 3509 1366 3595 majus
1392 3509 1553 3574 mihi
1585 3509 1970 3575 concedatur
1989 3509 2285 3600 salarium
2301 3558 2319 3585 ‚
2347 3504 2520 3592 quod

558 3616 696 3703 jam
718 3620 872 3685 mihi
896 3620 1061 3685 »adeo
1092 3642 1353 3706 parcum
1379 3630 1474 3684 est
1492 3669 1509 3697 ‚
1542 3620 1787 3685 scilicet
1807 3621 1911 3686 vix
1931 3629 2170 3706 septem
2185 3615 2518 3701 imperiali·

571 3752 682 3794 um
698 3779 717 3804 ‚
753 3741 824 3797 ut
849 3732 1112 3819 duplum
1140 3732 1274 3797 fere
1309 3734 1553 3798 solvere
1590 3754 1784 3818 cogar
1801 3782 1817 3810 ‚
1866 3753 1982 3817 pro
2004 3731 2302 3817 hospitio,
2361 3747 2518 3811 qua-

572 3840 725 3904 libet
774 3851 1033 3912 mense.'
1093 3844 1350 3907 Interim
1403 3837 1612 3908 tamen
1658 3863 1772 3929 ego
1812 3841 2163 3907 indefessus
2191 3838 2478 3925 colligam
2493 3885 2510 3913 ,

581 3953 969 4036 praeparabo
993 3962 1055 4017 et
1077 3954 1345 4018 examini
1372 3953 1704 4037 subjiciam
1731 3953 2039 4017 naturales
2059 3949 2287 4034 Capitis
2305 3949 2517 4013 Bonae
