<?xml version="1.0" encoding="UTF-8"?>
<!DOCTYPE html PUBLIC "-//W3C//DTD XHTML 1.0 Transitional//EN"
    "http://www.w3.org/TR/xhtml1/DTD/xhtml1-transitional.dtd">
<html xmlns="http://www.w3.org/1999/xhtml" xml:lang="en" lang="en">
 <head>
  <title>
</title>
<meta http-equiv="Content-Type" content="text/html;charset=utf-8" />
  <meta name='ocr-system' content='tesseract 3.04.00' />
  <meta name='ocr-capabilities' content='ocr_page ocr_carea ocr_par ocr_line ocrx_word'/>
</head>
<body>
  <div class='ocr_page' id='page_1' title='image "./epistolaeinedit00linngoog_0250.png"; bbox 0 0 2952 5080; ppageno 0'>
   <div class='ocr_carea' id='block_1_1' title="bbox 560 514 2503 582">
    <p class='ocr_par' dir='ltr' id='par_1_1' title="bbox 560 514 2503 582">
     <span class='ocr_line' id='line_1_1' title="bbox 560 514 2503 582; baseline -0.002 -1"><span class='ocrx_word' id='word_1_1' title='bbox 560 541 625 582; x_wconf 73' lang='grc' dir='ltr'><strong>ιι.</strong></span> <span class='ocrx_word' id='word_1_2' title='bbox 663 540 724 581; x_wconf 75' lang='grc' dir='ltr'><strong>ι.</strong></span> <span class='ocrx_word' id='word_1_3' title='bbox 759 538 1093 581; x_wconf 71' lang='lat' dir='ltr'><strong>sumno</strong></span> <span class='ocrx_word' id='word_1_4' title='bbox 1461 514 1595 579; x_wconf 79' lang='lat'><strong>236</strong></span> <span class='ocrx_word' id='word_1_5' title='bbox 2181 564 2192 574; x_wconf 86' lang='lat'><em>.</em></span> <span class='ocrx_word' id='word_1_6' title='bbox 2255 533 2503 578; x_wconf 63' lang='lat' dir='ltr'><strong>rums.</strong></span> 
     </span>
    </p>
   </div>
   <div class='ocr_carea' id='block_1_2' title="bbox 551 741 2501 1703">
    <p class='ocr_par' dir='ltr' id='par_1_2' title="bbox 551 741 2501 1365">
     <span class='ocr_line' id='line_1_2' title="bbox 558 741 2498 830; baseline -0.002 -21"><span class='ocrx_word' id='word_1_7' title='bbox 558 745 834 830; x_wconf 78' lang='lat' dir='ltr'><strong>talogum</strong></span> <span class='ocrx_word' id='word_1_8' title='bbox 861 794 879 823; x_wconf 83' lang='lat'>,</span> <span class='ocrx_word' id='word_1_9' title='bbox 940 742 1211 811; x_wconf 86' lang='lat' dir='ltr'><strong>indicato</strong></span> <span class='ocrx_word' id='word_1_10' title='bbox 1261 744 1445 809; x_wconf 85' lang='lat' dir='ltr'><strong>simul</strong></span> <span class='ocrx_word' id='word_1_11' title='bbox 1495 742 1914 829; x_wconf 86' lang='lat' dir='ltr'><strong>quarumlibet</strong></span> <span class='ocrx_word' id='word_1_12' title='bbox 1945 741 2299 828; x_wconf 78' lang='lat' dir='ltr'><strong>specierum</strong></span> <span class='ocrx_word' id='word_1_13' title='bbox 2327 763 2498 826; x_wconf 87' lang='lat' dir='ltr'><strong>prae·</strong></span> 
     </span>
     <span class='ocr_line' id='line_1_3' title="bbox 557 851 2500 937; baseline -0.001 -22"><span class='ocrx_word' id='word_1_14' title='bbox 557 853 741 936; x_wconf 87' lang='lat' dir='ltr'><strong>cipuo</strong></span> <span class='ocrx_word' id='word_1_15' title='bbox 792 874 913 916; x_wconf 87' lang='lat' dir='ltr'><strong>usu</strong></span> <span class='ocrx_word' id='word_1_16' title='bbox 936 900 955 926; x_wconf 88' lang='lat'><strong><em>,</em></strong></span> <span class='ocrx_word' id='word_1_17' title='bbox 1013 862 1235 918; x_wconf 88' lang='lat' dir='ltr'><strong>natura</strong></span> <span class='ocrx_word' id='word_1_18' title='bbox 1259 902 1276 931; x_wconf 84' lang='lat'>,</span> <span class='ocrx_word' id='word_1_19' title='bbox 1317 862 1378 916; x_wconf 89' lang='lat' dir='ltr'><strong>et</strong></span> <span class='ocrx_word' id='word_1_20' title='bbox 1426 853 1827 937; x_wconf 75' lang='lat' dir='ltr'><strong>praestantia.</strong></span> <span class='ocrx_word' id='word_1_21' title='bbox 1904 851 2045 914; x_wconf 93' lang='lat' dir='ltr'><strong>Non</strong></span> <span class='ocrx_word' id='word_1_22' title='bbox 2076 858 2285 915; x_wconf 86' lang='lat' dir='ltr'><strong>autem</strong></span> <span class='ocrx_word' id='word_1_23' title='bbox 2321 851 2500 917; x_wconf 89' lang='lat' dir='ltr'><strong>brevi</strong></span> 
     </span>
     <span class='ocr_line' id='line_1_4' title="bbox 554 958 2499 1057; baseline 0 -33"><span class='ocrx_word' id='word_1_24' title='bbox 554 962 851 1046; x_wconf 86' lang='lat' dir='ltr'><strong>temporis</strong></span> <span class='ocrx_word' id='word_1_25' title='bbox 893 963 1091 1048; x_wconf 90' lang='lat' dir='ltr'><strong>spatio</strong></span> <span class='ocrx_word' id='word_1_26' title='bbox 1134 962 1349 1047; x_wconf 86' lang='lat' dir='ltr'><strong>perfici</strong></span> <span class='ocrx_word' id='word_1_27' title='bbox 1388 963 1523 1026; x_wconf 82' lang='lat' dir='ltr'><strong>talis</strong></span> <span class='ocrx_word' id='word_1_28' title='bbox 1567 962 1879 1057; x_wconf 64' lang='lat' dir='ltr'><strong>Elenchps</strong></span> <span class='ocrx_word' id='word_1_29' title='bbox 1909 961 2113 1045; x_wconf 92' lang='lat' dir='ltr'><strong>potuit</strong></span> <span class='ocrx_word' id='word_1_30' title='bbox 2140 1010 2157 1039; x_wconf 88' lang='lat'>‚</span> <span class='ocrx_word' id='word_1_31' title='bbox 2219 958 2499 1046; x_wconf 85' lang='lat' dir='ltr'><strong>adeoque</strong></span> 
     </span>
     <span class='ocr_line' id='line_1_5' title="bbox 551 1068 2501 1155; baseline -0.001 -20"><span class='ocrx_word' id='word_1_32' title='bbox 551 1070 718 1137; x_wconf 80' lang='lat' dir='ltr'><strong>intra</strong></span> <span class='ocrx_word' id='word_1_33' title='bbox 768 1092 1047 1136; x_wconf 84' lang='lat' dir='ltr'><strong>mensem</strong></span> <span class='ocrx_word' id='word_1_34' title='bbox 1098 1072 1344 1136; x_wconf 75' lang='lat' dir='ltr'><strong>circiter</strong></span> <span class='ocrx_word' id='word_1_35' title='bbox 1394 1068 1846 1155; x_wconf 60' lang='lat' dir='ltr'><strong>eispectandus</strong></span> <span class='ocrx_word' id='word_1_36' title='bbox 1895 1079 2028 1152; x_wconf 82' lang='lat' dir='ltr'><strong>est3</strong></span> <span class='ocrx_word' id='word_1_37' title='bbox 2087 1069 2260 1133; x_wconf 85' lang='lat' dir='ltr'><strong>nolui</strong></span> <span class='ocrx_word' id='word_1_38' title='bbox 2293 1078 2501 1133; x_wconf 87' lang='lat' dir='ltr'><strong>autem</strong></span> 
     </span>
     <span class='ocr_line' id='line_1_6' title="bbox 551 1178 2497 1267; baseline -0.002 -23"><span class='ocrx_word' id='word_1_39' title='bbox 551 1178 792 1245; x_wconf 82' lang='lat' dir='ltr'><strong>tamdiu</strong></span> <span class='ocrx_word' id='word_1_40' title='bbox 842 1202 1213 1267; x_wconf 82' lang='lat' dir='ltr'><strong>responsum</strong></span> <span class='ocrx_word' id='word_1_41' title='bbox 1262 1202 1476 1245; x_wconf 88' lang='lat' dir='ltr'><strong>meum</strong></span> <span class='ocrx_word' id='word_1_42' title='bbox 1526 1179 1768 1244; x_wconf 86' lang='lat' dir='ltr'><strong>differe.</strong></span> <span class='ocrx_word' id='word_1_43' title='bbox 1852 1181 2060 1243; x_wconf 90' lang='lat' dir='ltr'><strong>Pauca</strong></span> <span class='ocrx_word' id='word_1_44' title='bbox 2106 1179 2213 1243; x_wconf 91' lang='lat' dir='ltr'><strong>hic</strong></span> <span class='ocrx_word' id='word_1_45' title='bbox 2249 1178 2497 1242; x_wconf 87' lang='lat' dir='ltr'><strong>interim</strong></span> 
     </span>
     <span class='ocr_line' id='line_1_7' title="bbox 552 1290 1648 1365; baseline -0.001 -11"><span class='ocrx_word' id='word_1_46' title='bbox 552 1290 920 1355; x_wconf 83' lang='lat' dir='ltr'><strong>memorabo</strong></span> <span class='ocrx_word' id='word_1_47' title='bbox 948 1314 965 1355; x_wconf 72' lang='grc' dir='ltr'><em>ε</em></span> <span class='ocrx_word' id='word_1_48' title='bbox 1458 1358 1464 1365; x_wconf 61' lang='grc'>,</span> <span class='ocrx_word' id='word_1_49' title='bbox 1643 1354 1648 1365; x_wconf 64' lang='lat'>,</span> 
     </span>
    </p>

    <p class='ocr_par' dir='ltr' id='par_1_3' title="bbox 551 1388 2498 1703">
     <span class='ocr_line' id='line_1_8' title="bbox 638 1388 2487 1483; baseline -0.002 -20"><span class='ocrx_word' id='word_1_50' title='bbox 638 1388 1300 1481; x_wconf 70' lang='lat' dir='ltr'><strong>Rohz‘nicz⁶Caraqana</strong></span> <span class='ocrx_word' id='word_1_51' title='bbox 1323 1397 1511 1462; x_wconf 89' lang='lat' dir='ltr'><strong>etiam</strong></span> <span class='ocrx_word' id='word_1_52' title='bbox 1539 1399 1605 1479; x_wconf 77' lang='lat' dir='ltr'><strong>in</strong></span> <span class='ocrx_word' id='word_1_53' title='bbox 1635 1419 1829 1463; x_wconf 87' lang='lat' dir='ltr'><strong>arena</strong></span> <span class='ocrx_word' id='word_1_54' title='bbox 1852 1448 1869 1476; x_wconf 89' lang='lat'><strong>‚</strong></span> <span class='ocrx_word' id='word_1_55' title='bbox 1903 1395 2276 1483; x_wconf 82' lang='lat' dir='ltr'><strong>profundius</strong></span> <span class='ocrx_word' id='word_1_56' title='bbox 2306 1405 2439 1460; x_wconf 87' lang='lat' dir='ltr'><strong>sata</strong></span> <span class='ocrx_word' id='word_1_57' title='bbox 2469 1447 2487 1473; x_wconf 91' lang='lat'>‚</span> 
     </span>
     <span class='ocr_line' id='line_1_9' title="bbox 552 1505 2498 1594; baseline -0.002 -23"><span class='ocrx_word' id='word_1_58' title='bbox 552 1510 784 1593; x_wconf 87' lang='lat' dir='ltr'><strong>optime</strong></span> <span class='ocrx_word' id='word_1_59' title='bbox 806 1510 971 1593; x_wconf 82' lang='lat' dir='ltr'><strong>viget</strong></span> <span class='ocrx_word' id='word_1_60' title='bbox 999 1557 1015 1585; x_wconf 90' lang='lat'>,</span> <span class='ocrx_word' id='word_1_61' title='bbox 1068 1528 1272 1594; x_wconf 89' lang='lat' dir='ltr'><strong>neque</strong></span> <span class='ocrx_word' id='word_1_62' title='bbox 1303 1516 1454 1572; x_wconf 88' lang='lat' dir='ltr'><strong>tunc</strong></span> <span class='ocrx_word' id='word_1_63' title='bbox 1483 1507 1825 1577; x_wconf 86' lang='lat' dir='ltr'><strong>arborescit</strong></span> <span class='ocrx_word' id='word_1_64' title='bbox 1852 1558 1870 1587; x_wconf 92' lang='lat'>‚</span> <span class='ocrx_word' id='word_1_65' title='bbox 1915 1505 2025 1570; x_wconf 90' lang='lat' dir='ltr'><strong>sed</strong></span> <span class='ocrx_word' id='word_1_66' title='bbox 2055 1508 2323 1594; x_wconf 85' lang='lat' dir='ltr'><strong>virgulta</strong></span> <span class='ocrx_word' id='word_1_67' title='bbox 2349 1505 2498 1570; x_wconf 82' lang='lat' dir='ltr'><strong>facit</strong></span> 
     </span>
     <span class='ocr_line' id='line_1_10' title="bbox 551 1614 2494 1703; baseline -0.001 -23"><span class='ocrx_word' id='word_1_68' title='bbox 551 1616 877 1694; x_wconf 84' lang='lat' dir='ltr'><strong>latissima,</strong></span> <span class='ocrx_word' id='word_1_69' title='bbox 902 1635 1158 1687; x_wconf 83' lang='lat' dir='ltr'><strong>arenam</strong></span> <span class='ocrx_word' id='word_1_70' title='bbox 1189 1616 1577 1702; x_wconf 32' lang='lat' dir='ltr'><strong>colligentia&amp;</strong></span> <span class='ocrx_word' id='word_1_71' title='bbox 1618 1616 1969 1703; x_wconf 88' lang='lat' dir='ltr'><strong>ovibusque</strong></span> <span class='ocrx_word' id='word_1_72' title='bbox 1995 1614 2151 1680; x_wconf 87' lang='lat' dir='ltr'><strong>adeo</strong></span> <span class='ocrx_word' id='word_1_73' title='bbox 2178 1623 2494 1700; x_wconf 83' lang='lat' dir='ltr'><strong>praestans</strong></span> 
     </span>
    </p>
   </div>
   <div class='ocr_carea' id='block_1_3' title="bbox 553 1723 2636 1810">
    <p class='ocr_par' dir='ltr' id='par_1_4' title="bbox 553 1723 2636 1810">
     <span class='ocr_line' id='line_1_11' title="bbox 553 1723 2636 1810; baseline -0 -24"><span class='ocrx_word' id='word_1_74' title='bbox 553 1731 615 1786; x_wconf 86' lang='lat' dir='ltr'><strong>et</strong></span> <span class='ocrx_word' id='word_1_75' title='bbox 635 1731 884 1810; x_wconf 83' lang='lat' dir='ltr'><strong>gratum</strong></span> <span class='ocrx_word' id='word_1_76' title='bbox 912 1732 1006 1788; x_wconf 89' lang='lat' dir='ltr'><strong>est</strong></span> <span class='ocrx_word' id='word_1_77' title='bbox 1028 1723 1335 1810; x_wconf 83' lang='lat' dir='ltr'><strong>pabulum</strong></span> <span class='ocrx_word' id='word_1_78' title='bbox 1362 1774 1380 1803; x_wconf 84' lang='lat'>‚</span> <span class='ocrx_word' id='word_1_79' title='bbox 1415 1734 1488 1788; x_wconf 92' lang='lat' dir='ltr'><strong>ut</strong></span> <span class='ocrx_word' id='word_1_80' title='bbox 1507 1725 1572 1789; x_wconf 89' lang='lat' dir='ltr'><strong>in</strong></span> <span class='ocrx_word' id='word_1_81' title='bbox 1603 1726 1837 1790; x_wconf 88' lang='lat' dir='ltr'><strong>Dauria</strong></span> <span class='ocrx_word' id='word_1_82' title='bbox 1862 1775 1879 1803; x_wconf 87' lang='lat'>,</span> <span class='ocrx_word' id='word_1_83' title='bbox 1925 1724 2036 1789; x_wconf 88' lang='lat' dir='ltr'><strong>ubi</strong></span> <span class='ocrx_word' id='word_1_84' title='bbox 2063 1724 2308 1789; x_wconf 86' lang='lat' dir='ltr'><strong>arenosi</strong></span> <span class='ocrx_word' id='word_1_85' title='bbox 2337 1731 2497 1786; x_wconf 88' lang='lat' dir='ltr'><strong>trac-</strong></span> <span class='ocrx_word' id='word_1_86' title='bbox 2619 1750 2636 1767; x_wconf 88' lang='lat'><strong>·</strong></span> 
     </span>
    </p>
   </div>
   <div class='ocr_carea' id='block_1_4' title="bbox 541 1831 2500 4011">
    <p class='ocr_par' dir='ltr' id='par_1_5' title="bbox 545 1831 2500 2888">
     <span class='ocr_line' id='line_1_12' title="bbox 553 1831 2496 1920; baseline -0.001 -25"><span class='ocrx_word' id='word_1_87' title='bbox 553 1840 652 1895; x_wconf 86' lang='lat' dir='ltr'><strong>tus</strong></span> <span class='ocrx_word' id='word_1_88' title='bbox 693 1831 976 1918; x_wconf 80' lang='lat' dir='ltr'><strong>virgultis</strong></span> <span class='ocrx_word' id='word_1_89' title='bbox 1000 1833 1109 1898; x_wconf 83' lang='lat' dir='ltr'><strong>vix</strong></span> <span class='ocrx_word' id='word_1_90' title='bbox 1137 1831 1469 1903; x_wconf 75' lang='lat' dir='ltr'><strong>ulnarihus</strong></span> <span class='ocrx_word' id='word_1_91' title='bbox 1496 1831 1879 1920; x_wconf 71' lang='lat' dir='ltr'><strong>Carayanae</strong></span> <span class='ocrx_word' id='word_1_92' title='bbox 1909 1834 2146 1911; x_wconf 87' lang='lat' dir='ltr'><strong>virent,</strong></span> <span class='ocrx_word' id='word_1_93' title='bbox 2179 1834 2365 1899; x_wconf 88' lang='lat' dir='ltr'><strong>totius</strong></span> <span class='ocrx_word' id='word_1_94' title='bbox 2396 1852 2496 1895; x_wconf 89' lang='lat' dir='ltr'><strong>or-</strong></span> 
     </span>
     <span class='ocr_line' id='line_1_13' title="bbox 549 1939 2497 2027; baseline -0.001 -22"><span class='ocrx_word' id='word_1_95' title='bbox 549 1939 647 2023; x_wconf 88' lang='lat' dir='ltr'><strong>his</strong></span> <span class='ocrx_word' id='word_1_96' title='bbox 691 1941 948 2004; x_wconf 84' lang='lat' dir='ltr'><strong>maximi</strong></span> <span class='ocrx_word' id='word_1_97' title='bbox 980 1939 1210 2027; x_wconf 82' lang='lat' dir='ltr'><strong>dentur</strong></span> <span class='ocrx_word' id='word_1_98' title='bbox 1238 1942 1508 2019; x_wconf 90' lang='lat' dir='ltr'><strong>arietes,</strong></span> <span class='ocrx_word' id='word_1_99' title='bbox 1552 1943 1660 2019; x_wconf 84' lang='lat' dir='ltr'><strong>vix</strong></span> <span class='ocrx_word' id='word_1_100' title='bbox 1682 1944 1873 2007; x_wconf 87' lang='lat' dir='ltr'><strong>asello</strong></span> <span class='ocrx_word' id='word_1_101' title='bbox 1899 1943 2197 2007; x_wconf 87' lang='lat' dir='ltr'><strong>minores.</strong></span> <span class='ocrx_word' id='word_1_102' title='bbox 2280 1941 2344 2006; x_wconf 92' lang='lat' dir='ltr'><strong>Si</strong></span> <span class='ocrx_word' id='word_1_103' title='bbox 2370 1939 2497 2005; x_wconf 85' lang='lat' dir='ltr'><strong>Ro-</strong></span> 
     </span>
     <span class='ocr_line' id='line_1_14' title="bbox 548 2050 2498 2132; baseline 0 -16"><span class='ocrx_word' id='word_1_104' title='bbox 548 2052 801 2117; x_wconf 79' lang='lat' dir='ltr'><strong>bimam</strong></span> <span class='ocrx_word' id='word_1_105' title='bbox 845 2052 912 2119; x_wconf 87' lang='lat' dir='ltr'><strong>in</strong></span> <span class='ocrx_word' id='word_1_106' title='bbox 946 2053 1169 2117; x_wconf 83' lang='lat' dir='ltr'><strong>vestris</strong></span> <span class='ocrx_word' id='word_1_107' title='bbox 1202 2050 1390 2117; x_wconf 89' lang='lat' dir='ltr'><strong>dunis</strong></span> <span class='ocrx_word' id='word_1_108' title='bbox 1433 2052 1772 2119; x_wconf 75' lang='lat' dir='ltr'><strong>succedere</strong></span> <span class='ocrx_word' id='word_1_109' title='bbox 1807 2053 2153 2132; x_wconf 86' lang='lat' dir='ltr'><strong>audivero,</strong></span> <span class='ocrx_word' id='word_1_110' title='bbox 2167 2075 2346 2131; x_wconf 91' lang='lat' dir='ltr'><strong>non</strong></span> <span class='ocrx_word' id='word_1_111' title='bbox 2391 2051 2498 2116; x_wconf 91' lang='lat' dir='ltr'><strong>du-</strong></span> 
     </span>
     <span class='ocr_line' id='line_1_15' title="bbox 547 2158 2496 2251; baseline 0.002 -28"><span class='ocrx_word' id='word_1_112' title='bbox 547 2159 762 2225; x_wconf 85' lang='lat' dir='ltr'><strong>hitabo</strong></span> <span class='ocrx_word' id='word_1_113' title='bbox 805 2163 1052 2225; x_wconf 85' lang='lat' dir='ltr'><strong>cultura</strong></span> <span class='ocrx_word' id='word_1_114' title='bbox 1091 2158 1223 2245; x_wconf 84' lang='lat' dir='ltr'><strong>ejus</strong></span> <span class='ocrx_word' id='word_1_115' title='bbox 1266 2160 1738 2251; x_wconf 79' lang='lat' dir='ltr'><strong>diligentissima</strong></span> <span class='ocrx_word' id='word_1_116' title='bbox 1782 2172 1845 2226; x_wconf 89' lang='lat' dir='ltr'><strong>et</strong></span> <span class='ocrx_word' id='word_1_117' title='bbox 1876 2164 2064 2227; x_wconf 90' lang='lat' dir='ltr'><strong>colles</strong></span> <span class='ocrx_word' id='word_1_118' title='bbox 2095 2160 2245 2226; x_wconf 92' lang='lat' dir='ltr'><strong>istos</strong></span> <span class='ocrx_word' id='word_1_119' title='bbox 2277 2160 2496 2226; x_wconf 88' lang='lat' dir='ltr'><strong>solida-</strong></span> 
     </span>
     <span class='ocr_line' id='line_1_16' title="bbox 620 2268 2489 2358; baseline -0.002 -25.923"><span class='ocrx_word' id='word_1_120' title='bbox 620 2279 729 2346; x_wconf 87' lang='lat' dir='ltr'><strong>,et</strong></span> <span class='ocrx_word' id='word_1_121' title='bbox 752 2270 965 2334; x_wconf 88' lang='lat' dir='ltr'><strong>ovium</strong></span> <span class='ocrx_word' id='word_1_122' title='bbox 993 2271 1355 2334; x_wconf 87' lang='lat' dir='ltr'><strong>innumeras</strong></span> <span class='ocrx_word' id='word_1_123' title='bbox 1379 2292 1603 2358; x_wconf 84' lang='lat' dir='ltr'><strong>greges</strong></span> <span class='ocrx_word' id='word_1_124' title='bbox 1627 2271 1716 2337; x_wconf 88' lang='lat' dir='ltr'><strong>ibi</strong></span> <span class='ocrx_word' id='word_1_125' title='bbox 1737 2271 1909 2356; x_wconf 89' lang='lat' dir='ltr'><strong>pasci</strong></span> <span class='ocrx_word' id='word_1_126' title='bbox 1913 2268 2141 2354; x_wconf 87' lang='lat' dir='ltr'><strong>posse.</strong></span> <span class='ocrx_word' id='word_1_127' title='bbox 2204 2268 2326 2332; x_wconf 89' lang='lat' dir='ltr'><strong>Sed</strong></span> <span class='ocrx_word' id='word_1_128' title='bbox 2350 2268 2489 2346; x_wconf 89' lang='lat' dir='ltr'><strong>erit,</strong></span> 
     </span>
     <span class='ocr_line' id='line_1_17' title="bbox 545 2375 2493 2465; baseline 0.001 -25"><span class='ocrx_word' id='word_1_129' title='bbox 545 2376 612 2440; x_wconf 92' lang='lat' dir='ltr'><strong>ni</strong></span> <span class='ocrx_word' id='word_1_130' title='bbox 643 2378 849 2464; x_wconf 73' lang='lat' dir='ltr'><strong>statim</strong></span> <span class='ocrx_word' id='word_1_131' title='bbox 866 2378 1101 2461; x_wconf 62' lang='lat' dir='ltr'><strong>‚ovibus</strong></span> <span class='ocrx_word' id='word_1_132' title='bbox 1132 2379 1548 2465; x_wconf 86' lang='lat' dir='ltr'><strong>praerodatur</strong></span> <span class='ocrx_word' id='word_1_133' title='bbox 1576 2429 1593 2457; x_wconf 91' lang='lat'>,</span> <span class='ocrx_word' id='word_1_134' title='bbox 1647 2379 1806 2442; x_wconf 85' lang='lat' dir='ltr'><strong>falce</strong></span> <span class='ocrx_word' id='word_1_135' title='bbox 1838 2375 2210 2440; x_wconf 88' lang='lat' dir='ltr'><strong>demetenda</strong></span> <span class='ocrx_word' id='word_1_136' title='bbox 2236 2384 2493 2461; x_wconf 88' lang='lat' dir='ltr'><strong>quotan-</strong></span> 
     </span>
     <span class='ocr_line' id='line_1_18' title="bbox 546 2485 2500 2573; baseline -0.001 -23"><span class='ocrx_word' id='word_1_137' title='bbox 546 2486 643 2551; x_wconf 87' lang='lat' dir='ltr'><strong>nis</strong></span> <span class='ocrx_word' id='word_1_138' title='bbox 674 2537 690 2566; x_wconf 90' lang='lat'>‚</span> <span class='ocrx_word' id='word_1_139' title='bbox 735 2495 805 2552; x_wconf 92' lang='lat' dir='ltr'><strong>ut</strong></span> <span class='ocrx_word' id='word_1_140' title='bbox 835 2486 1230 2555; x_wconf 83' lang='lat' dir='ltr'><strong>creberrimis</strong></span> <span class='ocrx_word' id='word_1_141' title='bbox 1261 2510 1338 2554; x_wconf 83' lang='lat' dir='ltr'><strong>ex</strong></span> <span class='ocrx_word' id='word_1_142' title='bbox 1366 2486 1743 2551; x_wconf 81' lang='lat' dir='ltr'><strong>detruncatis</strong></span> <span class='ocrx_word' id='word_1_143' title='bbox 1771 2485 1965 2573; x_wconf 81' lang='lat' dir='ltr'><strong>virgis</strong></span> <span class='ocrx_word' id='word_1_144' title='bbox 2000 2486 2195 2551; x_wconf 87' lang='lat' dir='ltr'><strong>ramis</strong></span> <span class='ocrx_word' id='word_1_145' title='bbox 2223 2486 2500 2551; x_wconf 86' lang='lat' dir='ltr'><strong>luxuriet</strong></span> 
     </span>
     <span class='ocr_line' id='line_1_19' title="bbox 547 2595 2499 2684; baseline 0.002 -25"><span class='ocrx_word' id='word_1_146' title='bbox 547 2606 611 2660; x_wconf 89' lang='lat' dir='ltr'><strong>et</strong></span> <span class='ocrx_word' id='word_1_147' title='bbox 646 2595 840 2662; x_wconf 86' lang='lat' dir='ltr'><strong>densa</strong></span> <span class='ocrx_word' id='word_1_148' title='bbox 880 2599 1013 2664; x_wconf 86' lang='lat' dir='ltr'><strong>fiat.</strong></span> <span class='ocrx_word' id='word_1_149' title='bbox 1087 2602 1161 2664; x_wconf 88' lang='lat' dir='ltr'><strong>In</strong></span> <span class='ocrx_word' id='word_1_150' title='bbox 1190 2599 1422 2662; x_wconf 82' lang='lat' dir='ltr'><strong>Dauria</strong></span> <span class='ocrx_word' id='word_1_151' title='bbox 1448 2595 1618 2661; x_wconf 90' lang='lat' dir='ltr'><strong>idem</strong></span> <span class='ocrx_word' id='word_1_152' title='bbox 1647 2606 1971 2681; x_wconf 84' lang='lat' dir='ltr'><strong>praestant</strong></span> <span class='ocrx_word' id='word_1_153' title='bbox 1999 2597 2176 2684; x_wconf 84' lang='lat' dir='ltr'><strong>ignes</strong></span> <span class='ocrx_word' id='word_1_154' title='bbox 2203 2648 2219 2675; x_wconf 88' lang='lat'>‚</span> <span class='ocrx_word' id='word_1_155' title='bbox 2270 2598 2499 2684; x_wconf 88' lang='lat' dir='ltr'><strong>quibus</strong></span> 
     </span>
     <span class='ocr_line' id='line_1_20' title="bbox 549 2709 2500 2795; baseline 0.001 -23"><span class='ocrx_word' id='word_1_156' title='bbox 549 2710 881 2794; x_wconf 88' lang='lat' dir='ltr'><strong>quotannis</strong></span> <span class='ocrx_word' id='word_1_157' title='bbox 904 2721 1175 2776; x_wconf 86' lang='lat' dir='ltr'><strong>uruntur</strong></span> <span class='ocrx_word' id='word_1_158' title='bbox 1202 2730 1433 2795; x_wconf 88' lang='lat' dir='ltr'><strong>pascua</strong></span> <span class='ocrx_word' id='word_1_159' title='bbox 1452 2758 1470 2788; x_wconf 88' lang='lat'><strong>,</strong></span> <span class='ocrx_word' id='word_1_160' title='bbox 1507 2718 1580 2772; x_wconf 90' lang='lat' dir='ltr'><strong>ut</strong></span> <span class='ocrx_word' id='word_1_161' title='bbox 1605 2710 1816 2776; x_wconf 79' lang='lat' dir='ltr'><strong>vernis</strong></span> <span class='ocrx_word' id='word_1_162' title='bbox 1846 2709 2072 2795; x_wconf 77' lang='lat' dir='ltr'><strong>plantis</strong></span> <span class='ocrx_word' id='word_1_163' title='bbox 2100 2709 2322 2774; x_wconf 86' lang='lat' dir='ltr'><strong>laetius</strong></span> <span class='ocrx_word' id='word_1_164' title='bbox 2352 2731 2500 2795; x_wconf 90' lang='lat' dir='ltr'><strong>pos-</strong></span> 
     </span>
     <span class='ocr_line' id='line_1_21' title="bbox 549 2821 1258 2888; baseline -0.003 -3"><span class='ocrx_word' id='word_1_165' title='bbox 549 2830 647 2885; x_wconf 86' lang='lat' dir='ltr'><strong>tea</strong></span> <span class='ocrx_word' id='word_1_166' title='bbox 678 2821 756 2885; x_wconf 89' lang='lat' dir='ltr'><strong>sit</strong></span> <span class='ocrx_word' id='word_1_167' title='bbox 779 2822 1258 2888; x_wconf 88' lang='lat' dir='ltr'><strong>incrementum.</strong></span> 
     </span>
    </p>

    <p class='ocr_par' dir='ltr' id='par_1_6' title="bbox 541 2927 2496 3460">
     <span class='ocr_line' id='line_1_22' title="bbox 634 2927 2492 3019; baseline -0.002 -25"><span class='ocrx_word' id='word_1_168' title='bbox 634 2927 1057 3017; x_wconf 75' lang='lat' dir='ltr'><strong>Hedysarum</strong></span> <span class='ocrx_word' id='word_1_169' title='bbox 1094 2932 1494 3019; x_wconf 69' lang='lat' dir='ltr'><strong>srutzbosum·</strong></span> <span class='ocrx_word' id='word_1_170' title='bbox 1510 2980 1528 3010; x_wconf 88' lang='lat'>‚</span> <span class='ocrx_word' id='word_1_171' title='bbox 1586 2928 1763 3016; x_wconf 73' lang='lat' dir='ltr'><strong>cujus</strong></span> <span class='ocrx_word' id='word_1_172' title='bbox 1836 2930 1950 2994; x_wconf 89' lang='lat' dir='ltr'><strong>tibi</strong></span> <span class='ocrx_word' id='word_1_173' title='bbox 2023 2930 2263 2994; x_wconf 84' lang='lat' dir='ltr'><strong>semina</strong></span> <span class='ocrx_word' id='word_1_174' title='bbox 2303 2929 2443 2994; x_wconf 88' lang='lat' dir='ltr'><strong>misi</strong></span> <span class='ocrx_word' id='word_1_175' title='bbox 2475 2980 2492 3007; x_wconf 87' lang='lat'>,</span> 
     </span>
     <span class='ocr_line' id='line_1_23' title="bbox 546 3027 2496 3151; baseline -0.001 -47"><span class='ocrx_word' id='word_1_176' title='bbox 546 3060 871 3151; x_wconf 89' lang='lat' dir='ltr'><strong>nunquam</strong></span> <span class='ocrx_word' id='word_1_177' title='bbox 907 3027 1033 3104; x_wconf 67' lang='lat' dir='ltr'><strong>nisi⁴</strong></span> <span class='ocrx_word' id='word_1_178' title='bbox 1054 3040 1214 3104; x_wconf 90' lang='lat' dir='ltr'><strong>intra</strong></span> <span class='ocrx_word' id='word_1_179' title='bbox 1239 3038 1503 3105; x_wconf 88' lang='lat' dir='ltr'><strong>fluidam</strong></span> <span class='ocrx_word' id='word_1_180' title='bbox 1534 3090 1551 3120; x_wconf 88' lang='lat'>‚</span> <span class='ocrx_word' id='word_1_181' title='bbox 1613 3049 1683 3104; x_wconf 93' lang='lat' dir='ltr'><strong>ut</strong></span> <span class='ocrx_word' id='word_1_182' title='bbox 1711 3041 1797 3104; x_wconf 90' lang='lat' dir='ltr'><strong>ita</strong></span> <span class='ocrx_word' id='word_1_183' title='bbox 1827 3039 2032 3104; x_wconf 87' lang='lat' dir='ltr'><strong>dicam</strong></span> <span class='ocrx_word' id='word_1_184' title='bbox 2056 3090 2072 3118; x_wconf 93' lang='lat'><strong>,</strong></span> <span class='ocrx_word' id='word_1_185' title='bbox 2130 3049 2193 3103; x_wconf 89' lang='lat' dir='ltr'><strong>et</strong></span> <span class='ocrx_word' id='word_1_186' title='bbox 2222 3039 2496 3104; x_wconf 88' lang='lat' dir='ltr'><strong>aridissi-</strong></span> 
     </span>
     <span class='ocr_line' id='line_1_24' title="bbox 545 3145 2495 3238; baseline 0 -23"><span class='ocrx_word' id='word_1_187' title='bbox 545 3145 766 3215; x_wconf 88' lang='lat' dir='ltr'><strong>simam</strong></span> <span class='ocrx_word' id='word_1_188' title='bbox 796 3172 1052 3216; x_wconf 90' lang='lat' dir='ltr'><strong>arenam</strong></span> <span class='ocrx_word' id='word_1_189' title='bbox 1082 3151 1350 3229; x_wconf 85' lang='lat' dir='ltr'><strong>crescit,</strong></span> <span class='ocrx_word' id='word_1_190' title='bbox 1401 3160 1463 3215; x_wconf 91' lang='lat' dir='ltr'><strong>et</strong></span> <span class='ocrx_word' id='word_1_191' title='bbox 1492 3160 1847 3237; x_wconf 81' lang='lat' dir='ltr'><strong>perennat3</strong></span> <span class='ocrx_word' id='word_1_192' title='bbox 1911 3151 2088 3237; x_wconf 86' lang='lat' dir='ltr'><strong>equis</strong></span> <span class='ocrx_word' id='word_1_193' title='bbox 2115 3161 2324 3225; x_wconf 89' lang='lat' dir='ltr'><strong>autem</strong></span> <span class='ocrx_word' id='word_1_194' title='bbox 2353 3174 2495 3238; x_wconf 84' lang='lat' dir='ltr'><strong>gra-</strong></span> 
     </span>
     <span class='ocr_line' id='line_1_25' title="bbox 541 3261 2494 3348; baseline -0.002 -20"><span class='ocrx_word' id='word_1_195' title='bbox 541 3263 849 3334; x_wconf 85' lang='lat' dir='ltr'><strong>tissimum</strong></span> <span class='ocrx_word' id='word_1_196' title='bbox 923 3272 1017 3328; x_wconf 90' lang='lat' dir='ltr'><strong>est</strong></span> <span class='ocrx_word' id='word_1_197' title='bbox 1073 3261 1377 3348; x_wconf 83' lang='lat' dir='ltr'><strong>pabulum</strong></span> <span class='ocrx_word' id='word_1_198' title='bbox 1438 3262 1763 3327; x_wconf 68' lang='lat' dir='ltr'><strong>ulnas-ibus</strong></span> <span class='ocrx_word' id='word_1_199' title='bbox 1842 3272 1905 3325; x_wconf 87' lang='lat' dir='ltr'><strong>et</strong></span> <span class='ocrx_word' id='word_1_200' title='bbox 1961 3262 2494 3348; x_wconf 86' lang='lat' dir='ltr'><strong>sesquiulnaribus</strong></span> 
     </span>
     <span class='ocr_line' id='line_1_26' title="bbox 545 3371 1767 3460; baseline -0.002 -21"><span class='ocrx_word' id='word_1_201' title='bbox 545 3374 876 3459; x_wconf 76' lang='lat' dir='ltr'><strong>quotannis</strong></span> <span class='ocrx_word' id='word_1_202' title='bbox 906 3373 1096 3460; x_wconf 86' lang='lat' dir='ltr'><strong>virgis</strong></span> <span class='ocrx_word' id='word_1_203' title='bbox 1128 3371 1454 3438; x_wconf 87' lang='lat' dir='ltr'><strong>herbaceis</strong></span> <span class='ocrx_word' id='word_1_204' title='bbox 1488 3394 1767 3457; x_wconf 78' lang='lat' dir='ltr'><strong>surgens·</strong></span> 
     </span>
    </p>

    <p class='ocr_par' dir='ltr' id='par_1_7' title="bbox 544 3482 2497 3795">
     <span class='ocr_line' id='line_1_27' title="bbox 628 3482 2497 3569; baseline -0.001 -20"><span class='ocrx_word' id='word_1_205' title='bbox 628 3484 919 3550; x_wconf 82' lang='lat' dir='ltr'><strong>Rolnm‘a</strong></span> <span class='ocrx_word' id='word_1_206' title='bbox 957 3505 1283 3569; x_wconf 75' lang='lat' dir='ltr'><strong>pyymaea</strong></span> <span class='ocrx_word' id='word_1_207' title='bbox 1339 3485 1528 3549; x_wconf 87' lang='lat' dir='ltr'><strong>etiam</strong></span> <span class='ocrx_word' id='word_1_208' title='bbox 1586 3504 1848 3548; x_wconf 86' lang='lat' dir='ltr'><strong>arenam</strong></span> <span class='ocrx_word' id='word_1_209' title='bbox 1889 3484 2015 3548; x_wconf 83' lang='lat' dir='ltr'><strong>fert</strong></span> <span class='ocrx_word' id='word_1_210' title='bbox 2033 3534 2050 3560; x_wconf 91' lang='lat'>‚</span> <span class='ocrx_word' id='word_1_211' title='bbox 2111 3482 2222 3548; x_wconf 89' lang='lat' dir='ltr'><strong>sed</strong></span> <span class='ocrx_word' id='word_1_212' title='bbox 2252 3494 2497 3568; x_wconf 86' lang='lat' dir='ltr'><strong>praeter</strong></span> 
     </span>
     <span class='ocr_line' id='line_1_28' title="bbox 544 3592 2496 3684; baseline -0.001 -25"><span class='ocrx_word' id='word_1_213' title='bbox 544 3616 729 3676; x_wconf 89' lang='lat' dir='ltr'><strong>usum</strong></span> <span class='ocrx_word' id='word_1_214' title='bbox 788 3593 1135 3659; x_wconf 87' lang='lat' dir='ltr'><strong>firmandae</strong></span> <span class='ocrx_word' id='word_1_215' title='bbox 1190 3592 1324 3679; x_wconf 85' lang='lat' dir='ltr'><strong>ejus</strong></span> <span class='ocrx_word' id='word_1_216' title='bbox 1351 3645 1368 3670; x_wconf 86' lang='lat'><em>,</em></span> <span class='ocrx_word' id='word_1_217' title='bbox 1438 3606 1502 3680; x_wconf 78' lang='lat' dir='ltr'><strong>et</strong></span> <span class='ocrx_word' id='word_1_218' title='bbox 1555 3594 1976 3660; x_wconf 75' lang='lat' dir='ltr'><strong>tenacissimae</strong></span> <span class='ocrx_word' id='word_1_219' title='bbox 2032 3595 2113 3660; x_wconf 88' lang='lat' dir='ltr'><strong>ad</strong></span> <span class='ocrx_word' id='word_1_220' title='bbox 2166 3596 2496 3684; x_wconf 69' lang='lat' dir='ltr'><strong>ligaturam</strong></span> 
     </span>
     <span class='ocr_line' id='line_1_29' title="bbox 545 3706 2487 3795; baseline 0.001 -26"><span class='ocrx_word' id='word_1_221' title='bbox 545 3706 830 3790; x_wconf 86' lang='lat' dir='ltr'><strong>quamvis</strong></span> <span class='ocrx_word' id='word_1_222' title='bbox 854 3707 1079 3795; x_wconf 81' lang='lat' dir='ltr'><strong>&#39;virgas</strong></span> <span class='ocrx_word' id='word_1_223' title='bbox 1112 3758 1128 3785; x_wconf 87' lang='lat'>‚</span> <span class='ocrx_word' id='word_1_224' title='bbox 1166 3708 1411 3772; x_wconf 90' lang='lat' dir='ltr'><strong>nullum</strong></span> <span class='ocrx_word' id='word_1_225' title='bbox 1442 3706 1693 3772; x_wconf 84' lang='lat' dir='ltr'><strong>videtur</strong></span> <span class='ocrx_word' id='word_1_226' title='bbox 1720 3730 1907 3774; x_wconf 88' lang='lat' dir='ltr'><strong>usum</strong></span> <span class='ocrx_word' id='word_1_227' title='bbox 1936 3718 2251 3794; x_wconf 85' lang='lat' dir='ltr'><strong>praestare</strong></span> <span class='ocrx_word' id='word_1_228' title='bbox 2280 3726 2487 3791; x_wconf 89' lang='lat' dir='ltr'><strong>posse.</strong></span> 
     </span>
    </p>

    <p class='ocr_par' dir='ltr' id='par_1_8' title="bbox 546 3811 2494 4011">
     <span class='ocr_line' id='line_1_30' title="bbox 643 3811 2494 3904; baseline 0.001 -25"><span class='ocrx_word' id='word_1_229' title='bbox 643 3811 717 3879; x_wconf 89' lang='lat' dir='ltr'><em>U</em></span> <span class='ocrx_word' id='word_1_230' title='bbox 708 3818 873 3878; x_wconf 80' lang='lat' dir='ltr'><strong>rtica</strong></span> <span class='ocrx_word' id='word_1_231' title='bbox 906 3818 1200 3902; x_wconf 61' lang='lat' dir='ltr'><strong>vulgaris</strong></span> <span class='ocrx_word' id='word_1_232' title='bbox 1222 3815 1544 3904; x_wconf 88' lang='lat' dir='ltr'><strong>equidem,</strong></span> <span class='ocrx_word' id='word_1_233' title='bbox 1580 3818 1720 3882; x_wconf 91' lang='lat' dir='ltr'><strong>loco</strong></span> <span class='ocrx_word' id='word_1_234' title='bbox 1745 3816 2080 3883; x_wconf 74' lang='lat' dir='ltr'><strong>Cannabis</strong></span> <span class='ocrx_word' id='word_1_235' title='bbox 2097 3815 2179 3882; x_wconf 91' lang='lat' dir='ltr'><strong>ad</strong></span> <span class='ocrx_word' id='word_1_236' title='bbox 2197 3826 2494 3901; x_wconf 90' lang='lat' dir='ltr'><strong>torquen-</strong></span> 
     </span>
     <span class='ocr_line' id='line_1_31' title="bbox 546 3905 2492 4011; baseline 0.004 -28"><span class='ocrx_word' id='word_1_237' title='bbox 546 3919 660 3985; x_wconf 89' lang='lat' dir='ltr'><strong>dos</strong></span> <span class='ocrx_word' id='word_1_238' title='bbox 690 3922 871 3987; x_wconf 83' lang='lat' dir='ltr'><strong>funes</strong></span> <span class='ocrx_word' id='word_1_239' title='bbox 902 3932 1195 4009; x_wconf 89' lang='lat' dir='ltr'><strong>stuppam</strong></span> <span class='ocrx_word' id='word_1_240' title='bbox 1228 3905 1633 4011; x_wconf 83' lang='lat' dir='ltr'><strong>suppeditare</strong></span> <span class='ocrx_word' id='word_1_241' title='bbox 1663 3936 1889 4011; x_wconf 85' lang='lat' dir='ltr'><strong>potest.</strong></span> <span class='ocrx_word' id='word_1_242' title='bbox 1937 3928 2159 4010; x_wconf 83' lang='lat' dir='ltr'><strong>Longe</strong></span> <span class='ocrx_word' id='word_1_243' title='bbox 2180 3932 2492 4009; x_wconf 78' lang='lat' dir='ltr'><strong>praestan-</strong></span> 
     </span>
    </p>
   </div>
  </div>
 </body>
</html>
