2952 5080
550 530 619 570 ιτ.
640 530 710 570 ι..
724 527 1076 571 ‚numano
1429 506 1566 574 2⁰⁰
2105 550 2112 555 -
2229 529 2481 573 runs.

553 754 667 800 oeo
692 731 974 819 undique
998 731 1233 797 οἰηθείη
1240 754 1287 799 a
1304 732 1656 817 generibus
1668 734 1840 797 notis
1851 732 2144 813 omnibus
2171 734 2440 803 alienam
2456 787 2475 819 ,

552 856 675 910 oet.

594 890 974 1025 ..Rescribea
1005 953 1160 1019 mihi
1186 974 1302 1040 per
1331 952 1463 1019 Cel.
1503 952 1968 1031 Boddaertum,
2024 955 2135 1040 qui
2164 965 2228 1019 et
2257 965 2396 1020 tuas
2421 867 2494 1020 et'
2593 947 2597 953 ’

547 1087 689 1130 suas
724 1066 1015 1151 epistolas
1051 1063 1135 1130 ad
1163 1066 1405 1132 sororis
1414 1087 1591 1130 meae
1612 1066 1905 1131 maritum
1926 1067 2326 1147 Briiknernm
2354 1066 2480 1130 Be

542 1177 815 1243 molinum
846 1176 1146 1240 tutissime
1189 1174 1482 1240 dimittet.
1551 1177 1860 1241 Memento
1909 1176 2093 1241 amici
2120 1198 2234 1261 per
2259 1175 2475 1241 Asiam

544 1285 756 1355 adhue
791 1309 906 1373 per
946 1309 1147 1362 annos
1176 1286 1571 1375 vagabundi,
1623 1289 1911 1372 interque
1935 1286 2234 1353 barbaras
2247 1298 2481 1374 gentes

540 1398 839 1469 historiae
873 1399 1171 1464 naturalis
1208 1419 1420 1463 amore
1440 1397 1683 1487 jactati.
1759 1398 1850 1462 Sit
1883 1397 1994 1462 tihi
2025 1396 2316 1463 valetudo
2341 1446 2359 1472 ‚
2410 1407 2480 1462 et

538 1508 809 1579 honores
836 1520 901 1574 et
924 1530 1339 1595 quaeeunque
1365 1519 1561 1596 optas.
1610 1507 1800 1574 Modo
1822 1508 1976 1573 mihi
2003 1509 2212 1574 favere
2239 1517 2303 1574 et
2325 1510 2471 1574 ami·

538 1641 651 1685 eus
680 1642 815 1685 esse
843 1641 1094 1713 pergas.
1147 1621 1343 1687 Vale.
1725 1668 1726 1671 η

596 1730 789 1794 Dab.
812 1730 880 1804 in
899 1727 1129 1815 oppido
1152 1730 1339 1865 Upha
1354 1727 1437 1805 ad
1459 1732 1793 1807 Uralenses
1810 1674 1980 1818 alpes
2003 1729 2073 1803 ἀ,
2091 1732 2184 1797 26
2209 1672 2482 1799 Octobr

544 1842 743 1910 1769.
840 1888 851 1911 ;

625 1951 722 2014 Ex
765 1949 1094 2036 hybernis,
1134 1951 1426 2036 proximo
1455 1972 1604 2018 vere
1633 1952 1803 2016 has
1782 1974 1947 2038 lpsas
1971 1920 2188 2041 alpes
2165 1953 2485 2021 mvisurus»

540 2069 603 2125 et
631 2061 936 2133 Siberiam
962 2059 1277 2127 aditurus.

832 2222 839 2235 ,
922 2214 2063 2249 ---—---—-—-------

556 2324 559 2331 ’
604 2302 672 2364 6.
710 2302 739 2313 ”
844 2296 854 2331 ‘
902 2294 1138 2366 Amico
1176 2264 1465 2389 optimo,
1508 2308 2120 2380 aestumatissimo,
2207 2328 2211 2333 ·

584 2456 625 2465 ,.
678 2409 1458 2476 Amstelaedamensium
1484 2414 1822 2475 Botanico
1849 2413 2328 2474 celeberrimo

1026 2522 1416 2614 ''Nlcomo
1446 2543 1926 2626 BURMANNO5

984 2655 1463 2744 fpfioaepmimam
1489 2660 1617 2723 Sdl.
1647 2664 2002 2741 adprecatur

1256 2790 1743 2848 PsS.PAL1.As.
1817 2787 1844 2798 '³

540 2891 749 3022 Quali
777 2971 879 3014 me
906 2895 1088 3037 putas
1118 2951 1348 3040 gaudio
1379 2951 1932 3022 desideratissimas
1970 2960 2106 3015 tuas
2128 2951 2360 3016 litteras
2385 2950 2478 3016 af

534 3060 799 3138 fecisse,
852 3083 889 3126 e
931 3062 1160 3148 quibus
1210 3063 1525 3148 perspicio
1573 3072 1899 3128 veteranos
1937 3062 2003 3124 in
2042 3061 2289 3145 hospita
2318 3059 2473 3124 mihi

533 3170 682 3235 olim
704 3180 866 3237 terra
888 3174 1120 3240 amieos
1145 3182 1208 3244 et
1225 3172 1503 3238 fautores
1528 3169 1736 3237 adhue
1765 3170 1845 3235 de
1870 3171 2081 3250 nohis,
2116 3169 2357 3235 medios
2376 3170 2473 3233 in-

532 3289 629 3348 ter
672 3280 975 3347 barbaros
1021 3280 1560 3369 peregrinantibus
1579 3331 1597 3360 ,
1652 3282 1923 3368 cogitare
1954 3331 1971 3359 ‚
2024 3290 2089 3344 et
2129 3281 2309 3346 tertia
2337 3281 2476 3345 fere

533 3402 708 3476 parte
750 3394 936 3470 totins
974 3403 1177 3464 terrae
1222 3391 1565 3460 latitudinis
1601 3390 1897 3460 diremtos
1940 3390 2221 3479 diligere.
2291 3392 2473 3457 Certe

534 3522 661 3587 quo
691 3504 958 3568 rariores
993 3505 1133 3587 jam
1145 3524 1314 3568 nune
1335 3512 1692 3580 exterorum
1713 3504 2062 3569 amicorum
2085 3501 2171 3569 ad
2191 3524 2306 3568 nos
2329 3523 2471 3589 ⁴per·

530 3611 819 3676 feruntur
861 3612 1157 3698 epistolae
1185 3664 1202 3693 ‚
1259 3634 1337 3678 eo
1379 3612 1603 3700 majori
1639 3614 1705 3678 in
1751 3613 1951 3698 pretio
1975 3663 1991 3692 ‚
2053 3614 2178 3678 imo
2208 3610 2467 3698 gemmis

529 3723 810 3810 auroque
851 3723 1121 3795 cariores
1162 3723 1342 3806 nobis
1374 3733 1542 3790 sunt.
1611 3724 1863 3788 Habent
1892 3724 2060 3789 enim
2081 3733 2143 3786 et
2164 3720 2375 3786 hocin
2397 3740 2466 3783 se

530 3828 724 3913 divin-i
751 3832 957 3895 meriti
980 3881 997 3910 ,
1045 3842 1116 3897 ut
1138 3854 1258 3914 ‚nos
1277 3884 1294 3912 ‚
1327 3835 1435 3921 qui
1457 3834 1986 3928 inter-inhospitas
2016 3842 2078 3897 et
2096 3829 2284 3895 rudes
2312 3850 2466 3916 gen-

530 3949 621 4004 tes
652 3992 669 4022 ,
706 3944 824 4028 ipsi
866 3963 1119 4029 quoque
1159 3946 1458 4030 paulatim
1486 3946 1703 4010 inculti
1737 3955 1799 4010 et
1827 3943 2077 4010 barbari
2107 3940 2413 4006 efficimur
2441 3991 2461 4019 ‚
