2952 5080
555 527 611 572 J.
645 525 979 577 nummum
1448 509 1584 575 238
2256 529 2503 574 muas.

554 735 682 798 huc
732 741 950 798 ornata
995 733 1275 799 virorum
1316 733 1679 799 eruditionis
1723 731 1907 798 laude
1943 734 2131 820 longe
2179 735 2502 802 celeberri-

553 864 804 908 morum
843 843 911 905 in
937 845 1438 929 supplementum
1467 854 1824 908 exterorum
1853 842 2285 910 membrorum
2316 843 2507 931 adop·

554 955 723 1019 tione
753 1002 773 1034 ,
807 975 1078 1041 quorum
1099 957 1165 1019 in
1196 977 1458 1021 numero
1480 1005 1497 1034 ‚
1530 956 1875 1044 (placuerat
1900 963 2112 1019 autem
2141 965 2383 1021 tantum
2417 958 2503 1022 vi-

551 1069 709 1156 ginti
737 1070 1061 1135 universos
1084 1071 1300 1156 legere
1327 1067 1377 1155 ,)
1402 1079 1461 1133 te
1495 1087 1746 1155 quoque
1774 1115 1791 1145 ,
1820 1066 1936 1134 Vir
1960 1067 2378 1134 Celeberrime
2407 1066 2538 1134 at?

540 1200 681 1265 que
708 1188 969 1265 patrone
997 1230 1014 1258 ,
1070 1181 1308 1245 lectum
1332 1180 1525 1244 fuisse
1551 1178 1662 1242 tihi
1682 1227 1699 1256 ‚
1727 1177 2005 1262 mihique
2035 1187 2098 1241 et
2121 1178 2500 1244 Academiae

556 1299 805 1355 nostrae
854 1292 1155 1376 gratulor.
1235 1291 1408 1354 Inter
1463 1290 1703 1354 Helleri
1720 1335 1739 1361 ,
1796 1287 2072 1353 Buffonii
2098 1339 2115 1368 ,
2164 1290 2454 1355 Wallerii
2479 1341 2497 1370 ‚

558 1401 916 1489 Markgrafii
934 1450 952 1477 ,
1006 1399 1373 1467 Gleditschii
1397 1451 1414 1479 ‚
1479 1399 1926 1465 D’Aubentoni
1948 1449 1966 1478 ‚
2036 1409 2106 1464 ut
2149 1402 2303 1465 alios
2345 1411 2504 1467 tace·

569 1532 675 1576 am
704 1561 722 1591 ‚
769 1512 1022 1576 nomina
1052 1561 1069 1590 ‚
1122 1510 1295 1611 quod
1338 1512 1540 1600 magis
1575 1511 1842 1600 dignum
1877 1521 1940 1576 et
1969 1513 2205 1577 illustre
2235 1522 2344 1577 tuo
2397 1535 2504 1599 po-

566 1624 683 1689 tuit
712 1622 1045 1688 collocari?
1068 1623 1241 1689 Licet
1268 1624 1585 1689 secretarii
1616 1622 2003 1689 Academiae
2032 1633 2281 1688 nostrae
2312 1658 2354 1702 ,κ
2383 1624 2507 1689 Duff.

562 1730 777 1796 Euleri
805 1731 898 1798 fil.
930 1754 1160 1798 munus
1189 1735 1442 1820 proprie
1472 1735 1582 1811 sit,
1616 1709 1997 1799 Academiae
2033 1755 2408 1799 consensum
2436 1733 2512 1797 ti-

566 1840 634 1905 bi
658 1891 677 1920 ,
713 1839 1051 1928 diplomate
1093 1845 1455 1910 transmisso
1480 1895 1498 1924 ,
1539 1844 1893 1930 significare
1916 1894 1934 1923 ‚
1979 1843 2283 1932 gaudium
2313 1853 2515 1908 tamen

565 1971 781 2015 meum
831 1953 1098 2018 retinere
1146 1972 1274 2019 non
1316 1956 1494 2042 potui
1521 2003 1538 2033 ,
1605 1956 1757 2042 quin
1812 1954 1924 2019 tihi
1973 1955 2244 2039 praeviis
2298 1938 2526 2019 litteris*
2601 2036 2607 2046 .

568 2084 707 2128 rem
737 2065 1102 2132 nunciarem
1126 2077 1189 2131 et
1212 2117 1230 2145 ‚
1286 2077 1590 2153 quantum
1619 2088 1914 2132 successu
1944 2068 2248 2131 exsultem
2271 2114 2288 2144 ,
2333 2066 2512 2152 signi·

446 2214 451 2221 ·
565 2173 861 2240 ficarem..
892 2214 971 2224 —
998 2178 1177 2241 Faxit
1202 2179 1371 2242 Deus
1402 2228 1420 2256 ,
1480 2188 1553 2242 ut
1582 2177 1938 2243 celebritate
1968 2186 2076 2241 tua
2097 2177 2513 2260 omnibusque

562 2287 727 2355 vitae
756 2288 1184 2385 meritissimae
1212 2288 1394 2355 bonis
1422 2286 1533 2351 diu
1555 2285 1852 2370 gaudeas.
1921 2287 2236 2355 Mihixvero
2255 2335 2272 2362 ‚
2308 2292 2378 2346 ut
2404 2304 2509 2347 an-

568 2394 743 2481 tiqua
791 2407 897 2462 tua
945 2398 1212 2463 amicitia
1252 2407 1313 2461 et
1357 2396 1733 2480 benignitate
1773 2415 1964 2479 porro
2012 2394 2223 2460 faveas
2255 2443 2272 2473 ‚
2319 2394 2508 2458 etiam

568 2514 755 2593 atque
785 2507 968 2572 etiam
997 2528 1176 2598 rogo..
1240 2506 1420 2573 Vale.
1483 2504 1649 2600 Dah.
1682 2504 2000 2590 Petropoli
2026 2503 2093 2570 d.
2134 2507 2219 2591 ἐξ·
2243 2506 2281 2572 J
2283 2526 2503 2571 anuar.

577 2620 745 2686 1777
760 2663 780 2683 .
