2952 5080
583 528 651 573 n.
681 534 741 576 ι.
775 530 1108 575 nummo
1468 505 1597 577 194
1937 546 1940 549 Δ
2247 523 2496 577 ustus.

671 738 912 804 Vellem
936 737 1003 799 in
1031 733 1339 800 Botanieis
1360 783 1377 813 ᾗ
1423 735 1678 800 aliterve
1706 744 2062 820 utcumque
2073 731 2390 797 tibinfflis
2405 753 2502 796 es⁶

541 907 549 915 .
586 869 691 930 θος
748 856 817 911 tu
863 848 998 931 ipse
1041 847 1259 909 melius
1303 845 1465 908 nosti
1502 866 1662 930 quae
1705 844 1852 909 hine
1902 844 2015 908 tibi
2042 843 2308 930 petenda
2336 843 2460 906 sint
2480 895 2498 922 ‚

584 977 808 1042 meque
850 956 1185 1033 certiorem
1221 955 1413 1037 facies
1437 977 1645 1039 spero
1720 954 1902 1037 Quos
1917 955 2029 1037 tjbi
2059 954 2260 1041 debeo
2286 974 2506 1018 aureos

583 1088 871 1133 nummos
916 1088 1068 1144 sex,
1126 1087 1319 1151 quum
1363 1063 1680 1157 Actorum
1691 1062 2063 1130 Academiae
2092 1064 2510 1128 Berolinensis

590 1181 672 1246 17
735 1177 1051 1243 volumina
1100 1176 1343 1264 Hagam
1389 1148 1480 1249 ad
1521 1150 1633 1239 D¹².
1631 1174 1990 1261 Sandifort
2039 1173 2274 1239 ibidem
2320 1175 2512 1239 medi-

582 1309 727 1352 cum
762 1285 1060 1350 mittenda
1091 1284 1405 1361 habeam,
1457 1305 1573 1369 per
1614 1250 1883 1347 eundem
1910 1294 1982 1348 ut
2009 1284 2122 1348 tibi
2148 1283 2516 1371 propediem

584 1397 1009 1484 rependantur
1037 1395 1296 1463 curabo.
1364 1391 1672 1481 Angustia
1699 1395 1802 1459 rei
1819 1396 2213 1479 pecuniariae
2235 1395 2302 1465 in
2324 1414 2518 1463 eausa

584 1509 732 1587 fuit,
783 1531 898 1574 our
944 1530 1091 1574 eam
1112 1507 1222 1573 tibi
1243 1508 1943 1591 summulampwesens
1968 1496 2519 1592 reddere-nonpo-

583 1617 836 1687 merim.
896 1619 1160 1683 Tantum
1188 1619 1359 1683 enim
1377 1639 1495 1703 per
1522 1616 1862 1685 triennium
1887 1617 2101 1702 Hagae
2141 1617 2299 1683 aeris
2327 1616 2515 1686 alieni
2547 1661 2555 1667 -

581 1739 1019 1808 oontmeram-
1042 1778 1059 1806 ,
1106 1737 1191 1793 ut·
1210 1725 1368 1795 illud
1396 1728 1750 1793 ›etiamnon
1786 1736 2294 1811 omnerprae‘sens
2323 1727 2515 1795 exsol-

582 1863 730 1909 vere
754 1840 1059 1928 quiverim
1082 1889 1098 1918 ,
1134 1860 1333 1924 eaque
1361 1839 1513 1904 mihi
1538 1860 1709 1904 nuno
1729 1858 1898 1909 eura
1910 1838 2255 1907 incumbat.

656 1954 829 2020 Nova
839 1954 1144 2020 litteraria
1168 1953 1341 2016 nulla
1360 1951 1766 2018 rescribenda
1790 1951 1905 2016 tibi
1919 1950 2512 2017 etiamnumihabeo.

580 2062 675 2127 M
669 2078 859 2128 usam
898 2061 1073 2149 apud
1106 2083 1222 2126 nos
1264 2062 1599 2127 florescere
1645 2083 1728 2125 ex
1757 2062 2031 2146 publicis
2062 2071 2215 2148 puto
2258 2059 2516 2127 novellis

576 2174 967 2261 perspexisti.
1003 2173 1187 2238 Ciroa
1203 2171 1702 2259 Bergii'Floram
1731 2171 2084 2263 Capenatem
2109 2169 2375 2249 curabo,
2406 2178 2512 2246 ut,

581 2308 772 2372 quam
794 2287 1067 2370 primum
1091 2283 1394 2371 prodierit
1412 2332 1430 2358 ,
1469 2283 1554 2348 ad
1578 2294 1639 2348 te
1665 2284 1967 2347 mittatur.
2002 2303 2006 2307 ’
2028 2281 2287 2365 Scripsit
2309 2279 2390 2344 ad
2411 2300 2521 2343 me

520 2465 524 2468 ⁴
579 2396 860 2462 medicus
904 2396 1160 2483 quidam
1182 2394 1646 2482 Ultrajectimus
1669 2445 1686 2472 ,
1744 2393 1996 2457 nomine
2023 2389 2353 2456 Boddaert:
2368 2440 2387 2470 ‚
2437 2389 2520 2455 de

582 2507 883 2577 vertendo
909 2509 975 2573 in
994 2508 1306 2593 belgicum
1329 2526 1680 2573 sermonem
1708 2500 1987 2571 Elenoho
2016 2504 2480 2589 Zoophytorum
2496 2552 2516 2583 ‚

583 2642 774 2707 quem
818 2620 1071 2707 quidem
1100 2622 1763 2706 honoremfnunquam
1805 2626 2300 2702 expectaveram.
2374 2612 2523 2682 Vidi
2635 2655 2644 2660 ,

582 2742 647 2797 et
685 2734 920 2819 perlegi
960 2743 1293 2819 antequam
1343 2733 1568 2820 Belgio
1608 2728 1977 2797 excederem
2028 2725 2272 2793 tomum'
2312 2727 2341 2789 1
2388 2726 2523 2810 Sys·

585 2847 825 2909 tematis
864 2844 1305 2910 duodecimum
1336 2845 1624 2931 impressi
1653 2840 1998 2906 Linnaeani
2025 2890 2042 2919 ,
2096 2839 2206 2924 qui
2254 2834 2522 2923 quadru-

585 2955 770 3042 pedia
797 3008 813 3036 ‚
850 2979 1040 3036 aves,
1074 2949 1396 3043 'amphibia
1427 2965 1490 3020 et
1516 2956 1716 3041 pisces
1748 2947 2024 3019 eontinet
2041 2997 2059 3023 ,
2095 2972 2173 3013 ex
2202 2948 2521 3013 Brissonio

586 3069 854 3132 maxime
876 3066 1272 3133 emendatum
1296 3078 1358 3132 et
1384 3076 1639 3131 anetum
1656 3115 1674 3143 ‚
1702 3074 1764 3128 et
1778 3064 2010 3150 passim
2023 3110 2039 3140 ‚
2068 3071 2138 3125 ut
2153 3058 2518 3135 videbatur,-

589 3178 655 3242 in
682 3177 858 3265 pejus
877 3189 1180 3244 mutatum
1207 3176 1414 3264 quoad
1438 3167 1835 3257 methodum,
1858 3173 2233 3259 insertisque
2255 3194 2372 3258 pro
2395 3193 2526 3258 spe-

591 3288 804 3354 ciebus
825 3290 1224 3355 varietatibus
1249 3277 1613 3354 animalium
1631 3294 1998 3371 corruptum
2011 3301 2038 3349 .‘
2057 3286 2305 3350 Prostat
2316 3287 2367 3349 is
2381 3286 2526 3369 Ley·

593 3399 712 3463 dae
759 3399 928 3484 apud
977 3400 1420 3486 Wetstenium.
1473 3436 1565 3447 —
1595 3399 1815 3466 leones
1841 3417 1952 3459 sex
1974 3396 2286 3481 Capenses
2316 3391 2529 3480 optimi

593 3511 785 3596 patris
821 3513 912 3575 tui
955 3511 1197 3576 curiose
1238 3532 1418 3577 servo
1448 3559 1469 3591 ,
1522 3520 1584 3574 et
1626 3507 1878 3595 quando
1913 3521 2125 3593 aptum
2164 3507 2307 3572 heio
2340 3507 2532 3591 pieto-

595 3642 732 3685 rem
780 3644 1072 3708 reperero
1097 3673 1113 3702 ,
1163 3624 1379 3688 sumtis
1408 3622 1856 3686 nonnullorum
1885 3619 2258 3706 apographis
2281 3667 2298 3696 ‚
2328 3612 2528 3678 fideli-

598 3741 694 3794 ter
721 3733 1056 3797 remittam.

689 3837 984 3936 Superest
1033 3853 1104 3906 ut
1141 3843 1253 3907 tibi
1302 3852 1487 3929 atque
1531 3839 1971 3907 candidissimo
2016 3847 2124 3901 tuo
2164 3833 2325 3919 patri
2363 3832 2531 3897 faus-

600 3958 663 4013 ta
709 3951 1022 4036 quaelibet
1049 3973 1164 4090 per
1195 3974 1475 4028 novum,
1531 3949 1702 4037 quod
1724 3945 2070 4014 inchoaturi
2101 3962 2363 4017 sumus,
2421 3961 2530 4003 an·
