2952 5080
552 502 923 579 vannum.
1064 552 1067 555 >
1187 514 1191 519 ’
1363 508 1499 574 240
1746 494 1753 503 ’
2010 532 2065 574 .ι.
2102 531 2491 579 annuamus.

641 720 874 803 Tecum
892 738 1069 804 varia
1097 739 1561 805 communicare
1589 758 1860 825 possum·
1874 762 1911 805 e
1939 739 2261 805 Lusitania
2276 791 2294 819 ,
2328 741 2498 806 Afri-

552 872 626 916 ea
656 860 718 914 et
747 851 1037 917 Brasilia.

586 980 589 989 ¹
642 961 708 1023 Si
746 961 897 1031 huie
937 960 1234 1024 litterario
1280 940 1657 1024 commercio
1686 960 1896 1026 favere
1933 981 2063 1025 non
2095 960 2450 1050 dedigneris
2476 1014 2494 1042 ,

552 1090 755 1158 rogo,
808 1079 879 1134 ut
907 1093 1009 1136 me
1041 1068 1420 1149 admoneas,
1471 1070 1627 1158 quid
1668 1093 1704 1135 e
1732 1072 2048 1137 Lusitania
2072 1074 2290 1160 cupis,
2331 1085 2401 1138 ut
2432 1075 2499 1139 id

553 1177 637 1244 ad
682 1188 744 1242 te
786 1188 970 1244 antea
1009 1178 1427 1245 transmittere
1467 1178 1739 1303 possim,
1799 1189 1862 1244 et
1891 1178 2037 1244 dein
2075 1182 2481 1268 quibusoare

426 1299 428 1301 ’
553 1310 695 1353 mus
724 1297 961 1374 petere.

644 1398 903 1462 Interim
923 1396 991 1462 id
1018 1418 1375 1483 supremam
1400 1397 1706 1463 felicitatis
1750 1419 1927 1463 meae
1955 1408 2192 1484 partem
2220 1399 2447 1465 dueam
2476 1445 2494 1480 ,

553 1505 862 1593 siquidem
915 1508 1184 1572 amicitia
1234 1517 1343 1572 tua
1373 1557 1392 1586 ,
1443 1509 1615 1572 omni
1643 1509 1885 1572 ratione
1916 1508 2265 1595 exoptanda
2291 1561 2309 1590 ,
2361 1509 2499 1600 dig-

550 1619 688 1682 nari
719 1619 871 1683 velis
903 1619 1207 1682 cultorem
1233 1627 1433 1683 tuum·
1443 1618 1855 1686 indefessum.
1905 1621 2032 1687 Fae
2053 1610 2285 1687 valeas.

641 1728 886 1793 Dabam
912 1730 1298 1816 Olissiponae
1324 1728 1393 1795 d.
1428 1731 1545 1796 29.
1581 1734 1663 1800 71.
1688 1721 1695 1727 ’
1716 1732 1913 1800 1767.

708 1866 992 1928 Directio:
1021 1868 1060 1925 ὰ
1089 1867 1587 1948 Mr·D0m1·m·que
1618 1869 1690 1928 V
1680 1893 1792 1965 anf

790 1969 932 2028 della·
940 2013 958 2042 ,
1012 1967 1357 2046 Pmfieeeur
1389 1973 1583 2051 Royal-
1603 1973 1780 2032 d’hie-

724 2076 729 2085 ‘
791 2076 936 2128 τοίη
961 2073 1252 2131 natuwlle
1276 2072 1644 2151 &Liebonna

638 2393 695 2430 2.
924 2428 930 2439 ,
1198 2374 1364 2437 Viro
1406 2374 1880 2435 celeberrimo
1955 2434 1958 2439 .

1072 2510 1441 2570 DomNrco
1475 2510 1911 2570 VANDELLIO
1941 2546 1964 2583 ,

1259 2618 1599 2694 Profa-sori
1624 2627 1777 2701 reqio

1434 2730 1505 2795 S.
1532 2730 1616 2794 1).

1225 2865 1282 2918 J.
1315 2862 1797 2925 nunMANNus.
1833 2843 2504 2925 250‘embr.1767.

560 3009 656 3109 N
657 3065 970 3132 upernme
1010 3054 1194 3118 tuas,
1241 3046 1359 3114 Vir
1397 3044 1849 3124 oeleberrime,
1896 3046 2108 3131 aoeepi
2139 3047 2419 3127 litteras,
2437 3070 2506 3112 e

559 3157 787 3245 quibus
823 3177 971 3232 cum
998 3175 1264 3226 summa.
1271 3156 1464 3220 animi
1497 3156 1822 3240 voluptate
1847 3164 2026 3220 tuum
2056 3177 2203 3240 erga
2230 3175 2333 3222 me
2365 3179 2503 3244 pro-

558 3289 827 3354 pensum
872 3268 1153 3342 animum
1193 3266 1772 3362 commerciumque
1819 3267 2188 3334 litterarium
2225 3269 2507 3366 oblatum

557 3379 850 3466 percepi,
901 3376 1197 3465 quodque
1242 3398 1497 3446 meeum
1537 3378 2001 3454 communicare
2041 3380 2232 3445 velles
2261 3382 2435 3448 varia
2470 3403 2506 3446 e

560 3489 925 3576 Lusitania,
947 3486 1167 3555 Africa
1196 3497 1381 3575 atque
1410 3488 1701 3566 Brasilia.
1873 3559 1876 3562 ,
2065 3557 2070 3562 ,

651 3602 793 3668 Hoo
819 3602 975 3672 mihi
1004 3610 1166 3668 esset
1189 3621 1383 3689 quam
1406 3601 1878 3689 gratissimum,
1922 3601 2076 3668 dum
2101 3624 2180 3666 ex
2208 3561 2283 3668 iis
2313 3602 2507 3687 regio·

564 3712 749 3779 nibus
779 3712 1155 3797 paucissima
1179 3710 1580 3797 possideam,
1636 3722 1893 3798 exeepto
1923 3713 2229 3782 Herbario
2257 3711 2510 3776 Brasili-

564 3844 687 3889 ano
711 3824 929 3908 magni,
946 3824 1215 3894 Pisonis.
1290 3824 1427 3911 Ego
1451 3822 1565 3902 tibi
1579 3824 1767 3889 :varia
1797 3823 2046 3890 obferre
2071 3831 2288 3908 potero
2313 3870 2331 3900 ,
2381 3830 2510 3888 tam

570 3955 649 3999 ex
675 3944 889 4006 nostra
918 3935 1120 4019 patria
1149 3986 1166 4013 ‚
1203 3922 1399 4021 quam
1420 3957 1516 4006 ex
1535 3933 1723 4008 India
1750 3943 1812 4001 et
1842 3935 2055 4019 Capite
2084 3933 2300 4000 Bonae
2334 3935 2504 4020 Spei.

1352 4121 1385 4154 Ο
