2952 5080
503 511 513 542 ⁸
561 556 619 602 J.
652 555 990 604 ommno
1474 537 1605 606 158
1756 527 1767 534 ’
2164 561 2502 615 naeuus.

558 769 853 854 plurima.
927 765 1109 834 Nune
1152 769 1219 833 in
1265 770 1392 833 suis
1435 757 1882 855 pseudonymis
1929 771 2186 838 conchis
2212 774 2506 842 substitit.

647 882 784 967 Ego
809 877 1068 966 quidem
1083 880 1220 946 hoe
1251 900 1419 945 anno
1457 890 1667 965 petam
1701 882 1857 946 alias
1877 883 2086 967 alpest
2128 885 2514 976 Chirurgum

313 1017 321 1026 ·
414 1045 418 1049 .
556 1012 594 1054 a
618 1012 733 1068 vme
767 991 1112 1055 exereitum
1140 991 1206 1053 in
1231 1010 1507 1055 summas
1538 988 1764 1076 Grajas
1789 993 1960 1078 alpes
1983 994 2226 1060 mittam
2254 1019 2271 1060 ε
2328 999 2410 1063 D.
2453 1001 2549 1067 la.

552 1100 791 1166 Chenal
823 1101 889 1164 in
924 1102 1152 1166 vallem
1185 1100 1514 1165 Tellinam.
1564 1101 1659 1165 Ita
1683 1102 1916 1167 sensim
1944 1104 2185 1188 patriae
2207 1123 2386 1170 meae
2416 1103 2513 1173 oa*

462 1193 475 1217 ¹
552 1214 834 1300 talogum
876 1211 1244 1297 complebo,
1288 1209 1467 1298 eujus
1515 1213 1679 1278 mira
1707 1213 2027 1280 variabilis
2064 1215 2423 1302 superficies
2447 1217 2514 1283 id

553 1322 833 1388 studium
858 1319 1069 1386 reddit
1093 1319 1560 1398 diffieillimmn.
1858 1361 1861 1364 η

645 1430 704 1498 Α
730 1432 828 1498 Cl.
847 1431 1107 1518 Soopoli
1136 1431 1378 1519 aliquas
1405 1433 1632 1531 stirpes
1656 1444 1993 1522 exspecto,
2025 1367 2263 1523 alpium
2289 1437 2507 1558 etiem,

556 1541 669 1609 sed
701 1543 1122 1609 orientalium.

646 1654 741 1716 Tu
760 1673 916 1719 vero
935 1656 1075 1720 vale
1105 1655 1204 1720 vir
1224 1652 1322 1719 Cl.
1350 1662 1414 1719 et
1433 1674 1539 1719 me
1557 1702 1576 1728 ,
1622 1663 1695 1720 ut
1713 1656 1915 1734 soles,
1954 1674 2124 1721 ama.
2186 1657 2406 1724 Roohe
2439 1658 2508 1723 d.

557 1761 603 1827 9
630 1761 820 1827 Febr.
854 1762 1051 1831 1761.

1756 1890 2078 1947 nmen.

639 2164 697 2224 7·
1217 2142 1310 2242 (ι.
1355 2144 1844 2242 nonmNNo.)

547 2292 743 2391 Dedi
769 2322 852 2390 ad
877 2326 961 2389 Te
989 2341 1194 2409 nuper
1211 2373 1229 2402 ,
1277 2299 1643 2388 Burmanne
1665 2323 2007 2388 clarissime
2027 2372 2045 2401 ‚
2094 2323 2465 2389 fasciculum
2483 2375 2500 2403 ‚

550 2458 679 2524 quo
724 2435 947 2521 stirpes
985 2430 1175 2518 hujus
1208 2433 1356 2497 anni
1382 2435 1654 2498 rariores
1678 2433 2082 2498 eontinentur
2104 2453 2251 2498 eum
2282 2436 2506 2500 catalo-

549 2568 633 2636 go
676 2546 989 2623 rariorum
1035 2543 1296 2630 aliisque
1343 2543 1572 2608 libellis
1597 2594 1614 2623 ‚
1682 2562 1841 2631 quos
1870 2520 2291 2620 desiderasti.
2346 2544 2508 2614 Ave-

549 2680 689 2724 rem
719 2667 930 2722 autem
973 2677 1013 2721 a
1056 2656 1145 2720 Te
1185 2656 1345 2722 seire
1363 2705 1381 2735 ,
1428 2677 1585 2721 num
1628 2657 1915 2743 exempla
1948 2656 1996 2721 2
2014 2665 2077 2721 et
2098 2657 2144 2722 3
2171 2659 2511 2724 voluminis

550 2766 985 2855 Physiologiae
1010 2766 1324 2852 aeceperis
1346 2816 1363 2845 ‚
1404 2785 1568 2851 quae
1598 2765 1878 2831 Haakius
1906 2765 2227 2832 Leidensis
2251 2767 2387 2833 Tibi
2405 2766 2507 2833 de·

552 2879 690 2944 buit
710 2856 975 2943 misisse.
1024 2874 1155 2942 Nisi
1173 2876 1343 2942 misit
1361 2927 1378 2955 ,
1408 2877 1568 2942 velis
1590 2928 1606 2956 ,
1632 2897 1868 2964 quaeso
1884 2928 1902 2957 ,
1932 2876 2014 2942 ab
2036 2878 2173 2963 ipso
2195 2887 2503 2963 repetere.

645 2989 807 3055 Cum
828 2989 1142 3055 neminem
1166 3009 1338 3054 nuno
1354 2987 1626 3053 habeam
1643 3037 1660 3066 ‚
1700 3008 1739 3053 a
1755 3009 1883 3075 quo
1906 2987 2356 3075 disputationes
2374 2990 2506 3055 Lei·

556 3098 780 3166 denses
826 3099 1142 3164 obtineam
1160 3149 1185 3179 ‚‚
1230 3100 1471 3164 faeeres
1506 3102 1881 3185 pergratam
1902 3120 2041 3164 rem
2064 3149 2083 3179 ,
2137 3100 2237 3166 vir
2262 3101 2360 3166 Cl.
2380 3152 2399 3181 ‚
2451 3101 2506 3165 si

553 3212 748 3277 velles
782 3219 952 3276 retro
979 3208 1062 3274 ab
1094 3229 1259 3273 anno
1296 3208 1471 3275 1760
1492 3207 1649 3271 mihi
1668 3228 1774 3273 eas
1801 3228 2065 3294 parare,
2097 3231 2261 3296 quae
2287 3219 2506 3275 anato-

554 3322 700 3388 miei
741 3329 850 3386 aut
868 3319 1277 3407 physiologioi
1299 3327 1447 3384 sunt
1470 3306 1850 3407 argumenti.
1901 3319 2127 3385 Libros
2152 3321 2336 3386 facile
2364 3342 2506 3386 emo

554 3452 633 3497 ex
654 3431 1071 3517 bibliopoliis‚
1109 3428 1224 3496 sed
1240 3429 1339 3495 his
1357 3429 1586 3496 libellis
1613 3451 1798 3497 oareo
1819 3430 2093 3547 invitus,
2136 3453 2295 3519 quos
2318 3431 2505 3497 nullis

555 3544 828 3610 nummis
852 3564 1112 3629 possum
1140 3562 1534 3628 eomparare.

644 3656 733 3721 Ut
772 3654 937 3719 filius
982 3655 1156 3720 Tuus
1189 3654 1359 3721 Clar.
1388 3656 1735 3741 Capensem
1755 3656 2007 3721 Floram
2027 3652 2313 3741 expediet
2334 3699 2353 3725 ,
2401 3649 2508 3716 det

559 3767 730 3832 Deus
757 3816 774 3842 ,
803 3769 1016 3853 Teque
1039 3789 1185 3832 eum
1210 3768 1347 3853 ipso
1376 3768 1655 3853 sospitet.

652 3878 1078 3945 Oederianum
1112 3901 1269 3966 opus
1303 3881 1607 3968 plurimas
1633 3881 1821 3945 etiam
1834 3882 2076 3965 plantas
2103 3876 2344 3962 alpinas
2365 3888 2507 3941 eon*

560 3989 801 4057 tinebit.
851 3993 945 4056 De
971 3988 1354 4062 Gesneriano
1379 3992 1592 4059 neseio
1616 3989 1771 4076 quid
1793 3986 2235 4075 respondeam.
2290 3988 2503 4073 Ipsum
