2952 5080
470 556 523 596 J.
555 554 889 597 nmmum
1409 536 1452 598 9
2081 555 2372 601 nunnus
2384 585 2397 601 .

469 761 624 830 mihi
639 763 889 846 placent
917 770 979 825 et
1007 758 1200 826 odore
1224 771 1289 825 et
1317 782 1562 848 sapore.
1612 761 1989 829 Bouhim'ae
2009 736 2399 851 possidendus

472 882 614 941 octo
653 873 908 959 speeies,
1772 919 1775 923 ι
2307 934 2312 939 ,

566 980 925 1067 camacum
957 985 1029 1048 Τ.
1057 985 1148 1050 23
1175 981 1305 1050 vidi
1335 985 1402 1050 in
1423 981 1654 1073 Anglia
1692 986 2004 1053 viventem
2018 1036 2035 1066 ‚
2077 996 2142 1052 at
2179 986 2400 1053 florem

473 1114 674 1181 nuper
697 1096 1044 1162 examinavi
1056 1121 1075 1181 3
1112 1105 1207 1162 est
1230 1099 1376 1164 novi
1402 1099 1647 1186 generis
1670 1100 1899 1185 planta.
1947 1099 2121 1163 Mitto
2149 1098 2403 1164 charae-

469 1212 632 1267 teres
662 1203 812 1269 istos
844 1225 1002 1291 quos
1027 1203 1194 1291 apud
1215 1227 1318 1270 me
1339 1206 1543 1272 habeo
1562 1257 1579 1288 ,
1634 1216 1777 1294 post
1811 1206 1895 1271 14
1921 1206 2055 1270 dies
2087 1207 2205 1271 erit
2237 1206 2406 1272 istud

471 1331 628 1397 opus
649 1312 933 1398 finitum3
970 1315 1167 1400 possis
1190 1314 1424 1380 habere
1455 1337 1561 1381 eos
1582 1337 1700 1402 per
1730 1314 1889 1380 duos
1920 1314 2051 1380 dies
2066 1365 2083 1394 ,
2115 1312 2229 1378 sed
2258 1335 2407 1379 sane
2489 1384 2494 1388 ,

473 1433 602 1486 non
621 1445 736 1509 per
767 1433 893 1488 tres
907 1474 923 1504 ,
961 1422 1162 1490 debeo
1185 1427 1354 1491 enim
1376 1427 1685 1493 eonfioere
1708 1425 1981 1492 indicem
2009 1435 2072 1489 et
2090 1432 2295 1490 errata
2316 1434 2408 1510 ty-

472 1535 855 1622 pographica
899 1537 1251 1603 exscribere
1276 1589 1294 1618 ,
1342 1559 1575 1626 quaeso
1606 1538 1816 1626 itaque
1839 1558 1990 1603 mox
2003 1520 2313 1620 remittas.

552 1796 610 1857 5.
783 1799 957 1863 Viro
991 1796 1439 1882 Amplissimo
1476 1796 2088 1880 Celeberrimoque

948 1937 1022 1991 D.
1060 1937 1135 1991 D.
1172 1932 1931 2009 ιοΑΝΝιΒυΒΜΑΝΝο,

1116 2046 1453 2103 Medicinae
1480 2045 1725 2106 Ductori
1740 2090 1757 2119 ‚

954 2138 1294 2214 Profiteori
1314 2131 1629 2197 Botmz'iees
1654 2140 1901 2197 Publice
1914 2183 1931 2212 ‚

1028 2232 1222 2291 Horti
1244 2233 1474 2291 Medici
1498 2233 1802 2306 Praefecto
1817 2277 1835 2304 ,

843 2327 1169 2388 Noeoeomii
1190 2329 1435 2389 Publici
1455 2328 1687 2393 Medico
1713 2327 2014 2401 Proetiae,

1396 2438 1465 2503 S.

1046 2572 1379 2653 cARoms
1420 2570 1821 2629 ιιΝΝΑΕυε.

474 2717 671 2819 Cum
713 2749 1006 2840 Lugduni
1043 2774 1217 2818 eram
1259 2750 1339 2816 de
1373 2760 1483 2817 tuo
1514 2752 2039 2839 praestantissimo
2062 2772 2250 2837 opere
2275 2753 2407 2838 plu-¹

474 2864 634 2927 rima
671 2861 963 2927 disseruit
1004 2863 1085 2926 D.
1139 2862 1566 2929 Boerhaavius
1579 2912 1596 2943 ,
1646 2872 1710 2926 et
1765 2872 1837 2926 ut
1889 2862 2128 2925 sincere
2166 2859 2370 2925 dicam
2388 2910 2405 2939 ‚

476 2992 596 3037 neo
639 2972 893 3036 auribus
916 2973 1038 3036 tuis
1066 2974 1315 3058 plaeere
1338 2971 1589 3052 videar,
1639 2970 1982 3057 honomflce
2011 2969 2091 3035 de
2120 2992 2194 3036 eo
2220 2967 2413 3036 disse-

474 3086 602 3149 ruit
619 3086 718 3153 vir
746 3088 1030 3176 egregius
1052 3138 1069 3167 ‚
1115 3086 1272 3152 dixit
1294 3097 1389 3152 et:
1420 3088 1630 3153 neseio
1659 3108 1774 3151 eur
1796 3108 1924 3151 non
1952 3087 2194 3173 placeat
2216 3087 2414 3152 omni-

475 3194 597 3260 bus
620 3244 639 3274 ‚
688 3218 805 3285 ego
834 3200 922 3263 nil
950 3197 1112 3279 vidi,
1153 3201 1273 3264 nisi
1294 3198 1469 3286 quod
1496 3198 1780 3264 laborem
1802 3219 2117 3265 summum
2146 3196 2409 3262 redolet.

475 3307 613 3393 Ego
640 3327 789 3372 vero
814 3311 1178 3399 regerebam
1197 3361 1214 3392 ,
1246 3311 1428 3377 facile
1458 3333 1594 3375 esse
1616 3331 1763 3375 eum
1784 3291 2173 3397 mystefismo
2191 3307 2270 3373 de
2300 3308 2410 3372 ali—

476 3439 554 3482 us
595 3439 784 3503 opere
818 3422 1014 3486 verba
1060 3421 1212 3487 dare
1230 3474 1248 3503 ,
1301 3433 1365 3488 at
1404 3444 1663 3488 manum
1692 3431 1902 3487 aratro
1932 3420 2265 3486 admovere
2287 3418 2412 3482 hoe

483 3551 639 3615 opus
661 3579 678 3608 ‚
714 3530 821 3595 hie
858 3531 1039 3596 labor
1075 3543 1202 3619 est3
1244 3544 1516 3621 praestet
1544 3527 1699 3599 alius
1724 3532 1983 3596 meliora
2011 3539 2075 3592 et
2095 3539 2229 3592 tum
2246 3525 2411 3613 judi·

479 3648 602 3703 cet.
649 3639 792 3703 Dixi
821 3650 883 3705 et
902 3663 1054 3726 prae
1075 3664 1177 3707 me
1202 3645 1316 3709 tuli
1334 3696 1351 3724 ,
1385 3667 1490 3710 me
1511 3642 1694 3708 flocci
1714 3641 1921 3704 faeere
1949 3639 2157 3704 omnia
2174 3636 2414 3723 judicia

481 3752 754 3838 privata3
803 3751 908 3819 det
935 3755 1157 3841 aliquis
1191 3750 1502 3839 judicium
1545 3752 1794 3841 publice
1831 3762 1894 3818 et
1915 3761 2050 3817 tum
2077 3751 2179 3816 vel
2200 3749 2413 3815 defen-

486 3858 593 3925 det
619 3864 719 3927 vel
749 3872 999 3931 revocet
1011 3890 1029 3949 3
1061 3864 1294 3953 placuit
1322 3864 1458 3932 viro
1491 3864 1720 3950 optimo
1744 3915 1762 3944 ‚
1800 3863 2101 3950 spondeo.

580 3970 947 4038 Sermonem
991 3984 1052 4039 et
1100 3973 1311 4060 injecit
1355 3972 1433 4038 de
1468 3974 1654 4039 Flora
1679 3996 1819 4039 moe
1841 4024 1856 4053 ‚
1914 3973 2025 4037 ubi
2056 3971 2289 4058 aliquot
2311 3968 2421 4034 ob-
