2952 5080
597 553 663 595 ιτ.
698 553 757 595 ι..
783 548 1115 596 sumno
1502 528 1641 593 218
2131 502 2134 505 Δ
2289 553 2536 600 ιω.

585 757 900 845 judicabis
916 759 1226 842 animum3
1248 754 1363 821 sed
1380 756 1615 821 fessum
1637 762 1702 821 et
1724 754 2251 829 valetudinarium
2273 760 2503 851 con-pm
2518 816 2535 844 ‚

596 870 901 934 continuis
925 868 1253 933 laboribus
1273 865 1710 932 labefactamm
1733 887 1863 933 non
1881 864 2090 932 vides.
2119 870 2241 937 Vix
2261 922 2276 951 ,
2311 873 2502 939 credo
2518 924 2535 954 ‚

506 1022 509 1029 f
595 1001 698 1044 me
742 1001 1109 1066 agnosceres
1135 1029 1150 1058 ‚
1189 980 1239 1042 si
1270 1000 1438 1043 nunc
1460 977 1540 1042 ad
1568 988 1627 1042 te
1650 976 1923 1042 redirem
1939 974 2537 1050 Amstelaedamum.

594 1091 810 1178 Neque
855 1102 1021 1156 certe
1034 1091 1307 1178 *Belgica
1330 1090 1767 1153 estitineratio
1806 1090 2153 1174 octingenta
2174 1141 2190 1169 ‚
2243 1095 2344 1158 vel
2373 1097 2542 1161 mille
2629 1150 2632 1155 ,

593 1203 877 1268 milliaria
902 1212 1130 1267 aestate
1152 1201 1426 1289 qualibet
1445 1201 1513 1264 in
1538 1199 1810 1267 barbara
1835 1200 2248 1287 omnibusque
2272 1225 2542 1270 commo-

596 1311 692 1376 dis
734 1313 1024 1377 destituta
1052 1312 1308 1400 regione
1327 1363 1343 1388 ‚
1380 1311 1637 1397 viasque
1660 1332 1775 1397 per
1802 1311 2282 1405 impolitissimas
2302 1364 2318 1391 ,
2353 1316 2542 1379 curri-

594 1422 714 1488 bus
760 1426 1164 1509 perlustrare.
1237 1423 1377 1486 Hoc
1419 1424 1568 1493 solo=
1593 1443 1760 1485 anno
1807 1443 1842 1486 a
1868 1422 2087 1495 Martio
2114 1444 2325 1487 mense
2357 1423 2438 1488 ad
2468 1425 2543 1488 fi-
2609 1468 2612 1471 ι

595 1554 741 1596 nem
774 1531 1041 1621 Augusti
1070 1520 1254 1618 plena
1278 1531 1448 1621 mille
1479 1530 1767 1594 milliaria
1796 1520 1859 1594 et
1885 1531 2017 1595 fere
2048 1541 2295 1595 centum
2336 1553 2542 1596 emen·

596 1666 702 1708 sus
736 1666 913 1729 sum3
946 1666 1150 1731 neque
1172 1645 1331 1708 haec
1352 1640 1711 1728 vaniloquia
1735 1652 1916 1729 putes
1936 1692 1952 1720 ‚
1981 1645 2352 1729 plerumque
2374 1646 2542 1710 enim

592 1757 663 1820 in
686 1756 1060 1831 mensuratis
1090 1756 1205 1820 viis
1228 1755 1548 1841 profectus
1580 1768 1746 1818 sum.
1797 1754 2053 1818 Confeci
2082 1742 2290 1819 autem
2319 1757 2539 1821 Rnsn'-

592 1887 827 1945 corum,
837 1866 1180 1932 stadiorum
1198 1916 1216 1944 ‚
1247 1886 1520 1952 quarum
1543 1875 1785 1951 septem
1806 1866 1875 1928 in
1889 1866 2150 1930 milliari
2169 1867 2541 1933 Germanico
2617 1892 2638 1897 ·

595 1987 1033 2056 numerantur,
1063 1986 1297 2062 septem
1324 1977 1520 2040 millia
1544 1986 1835 2045 sexcenta
1863 1985 1929 2040 et
1956 1978 2122 2041 ultra
2147 2002 2167 2060 3
2202 1968 2248 2042 a'
2265 1979 2543 2044 Ktaeno-

585 2085 729 2174 jaro
758 2109 986 2174 nempe
1014 2088 1081 2167 in
1112 2088 1399 2174 regiones
1433 2087 2000 2152 transbaikalenses
2031 2097 2096 2152 et
2124 2088 2205 2152 ad
2236 2098 2544 2154 extremos

494 2248 500 2253 -
568 2201 1026 2288 *Mmgolenses
1070 2199 1227 2286 fines
1266 2199 1539 2275 Daui-iae
1578 2208 1642 2263 et
1671 2199 1822 2263 hinc
1849 2208 2026 2264 mtro
2067 2198 2545 2285 Krasnojarium

589 2328 819 2396 usque.
1198 2364 1203 2371 ,
1505 2374 1510 2381 ‚
1601 2358 1608 2363 .

685 2421 935 2485 Semina
950 2470 968 2500 ,
1012 2441 1174 2505 quae
1215 2418 1404 2484 hodie
1430 2421 1613 2484 mitto
1631 2469 1647 2498 ,
1699 2420 1997 2505 pleraque
2021 2428 2172 2483 sunt
2194 2418 2544 2485 rarissima—

592 2551 737 2596 rum
760 2543 825 2597 et
854 2543 1166 2597 extremae
1194 2531 1456 2596 Sibiriae
1476 2530 1873 2618 propriarum
1893 2531 2276 2616 plantarum.
2327 2532 2542 2614 Quum

593 2659 746 2709 vero
803 2644 902 2707 his
958 2643 1319 2731 regionibus
1360 2644 1516 2708 mihi
1544 2640 1682 2728 jam
1719 2644 1788 2706 in
1825 2654 2151 2708 aeternum
2193 2644 2272 2707 sit
2304 2643 2542 2708 valedi-

593 2752 864 2830 oendum
884 2804 900 2830 ‚
951 2755 1019 2817 in
1062 2763 1383 2839 posterum
1437 2755 1666 2819 similia
1699 2756 1938 2820 semina
1996 2756 2258 2842 amplius
2295 2756 2540 2819 mittere
2595 2743 2600 2746 ’

590 2867 1043 2954 nulia‘possum
1071 2916 1088 2945 ‚
1127 2887 1413 2953 quaeque
1444 2868 1673 2952 accipis
1706 2889 1851 2932 cum
1883 2887 2036 2932 cura
2062 2876 2245 2930 erunt
2272 2865 2539 2933 educan-

560 3011 565 3014 -
592 2974 703 3050 da,
771 2977 983 3043 Siccae
1025 2980 1294 3044 Dauriae
1325 2988 1652 3043 montanas
1685 2980 1928 3065 plantas
1958 3030 1976 3056 ‚
2029 3001 2095 3044 v.
2125 2965 2224 3067 gri
2262 2978 2539 3064 Cymba-

593 3090 766 3150 n‘am
782 3136 799 3165 ‚
833 3087 1207 3174 Peyanum„
1222 3087 1624 3176 Hypeconm,
1647 3088 2071 3173 Papam,
2089 3088 2381 3175 Phanas,
2403 3086 2537 3153 As-

536 3205 542 3214 ’
586 3200 872 3283 tmyalos
919 3200 1266 3286 similiaque
1291 3251 1307 3278 ‚
1359 3201 1465 3265 vix
1514 3208 1665 3284 puto
1706 3198 1878 3283 apud
1908 3220 2021 3264 vos
2062 3200 2128 3276 in
2156 3199 2378 3263 humili
2405 3200 2534 3263 solo

588 3309 840 3375 ‘vivaces
860 3310 994 3374 som
1012 3361 1029 3389 ,
1065 3312 1183 3375 nisi
1211 3310 1359 3375 data
1384 3325 1577 3396 opera
1595 3310 1799 3374 solum
1824 3310 2141 3375 artificiale
2160 3361 2178 3392 ‚
2216 3312 2468 3390 elatius,
2499 3332 2536 3374 e

585 3421 817 3507 »lapillis
865 3441 1205 3510 grossaque
1248 3424 1462 3510 glarea
1498 3422 1864 3488 conficiatur
1887 3473 1904 3501 ,
1963 3425 2212 3515 levique
2243 3435 2538 3489 montana

588 3529 788 3597 humo
835 3556 982 3599 cum
1025 3553 1216 3599 arena
1252 3535 1445 3599 mixta
1488 3534 1920 3623 super-ingesta
1948 3546 2253 3623 aequetur
2277 3546 2340 3600 et
2368 3536 2541 3599 ferti-

588 3647 832 3712 lisetur.
879 3691 883 3695 -
913 3641 1137 3711 Itidem
1189 3659 1306 3731 pro
1357 3645 1732 3731 alpestrihus
1765 3647 1899 3712 aliis
1925 3698 1941 3724 ‚
1989 3665 2056 3712 v.
2081 3669 2181 3731 gr⁶
2212 3645 2489 3730 Dryade
2515 3694 2532 3723 ‚

592 3756 1211 3823 Rhododendn‘scet.
1234 3808 1252 3836 ‚
1276 3758 1483 3822 solum
1506 3780 1586 3822 ex
1598 3759 1978 3824 coacervatis
1990 3757 2301 3845 lapidibus
2319 3777 2538 3821 musco

590 3868 862 3935 instratis
884 3869 1119 3953 requiri
1138 3868 1409 3936 videtur.
1445 3870 1668 3937 Notavi
1691 3870 1759 3935 i'n
1790 3870 2087 3936 chartulis
2115 3866 2408 3932 omnibus
2435 3890 2539 3933 an·

594 3995 748 4047 uuas
780 3991 843 4047 et
868 4001 1176 4067 perennes
1201 4033 1217 4062 ‚
1260 3993 1328 4048 et
1356 3985 1559 4049 solum
1589 3985 1925 4068 locumque
1951 3981 2222 4048 natalem
2252 3990 2537 4047 accurate
