2952 5080
443 557 507 601 ιι.
539 558 598 601 ι..
634 557 968 601 scamno
1346 538 1481 601 285
1939 545 1946 551 ’
2001 580 2008 589 ·
2133 556 2383 600 rame.

446 730 724 849 linguam
749 774 930 845 versa
966 774 1231 830 exstant.
1266 798 1357 813 —-
1388 762 1752 849 'Anglorum
1782 781 2088 849 magnam,
2104 764 2171 829 in
2200 784 2389 830 oeco-

446 876 707 939 nomicis
748 856 882 941 esse
913 876 1146 941 famam
1168 876 1336 941 bene
1370 876 1568 951 nosti,
1617 873 1921 959 multique
1952 874 2139 937 etiam
2169 895 2391 939 recen-

394 1004 401 1012 ·
446 986 666 1049 tissimi
704 1007 922 1050 eorum
960 984 1039 1052 ad
1065 987 1229 1069 hanc
1253 996 1496 1072 partem
1521 985 1666 1049 libri
1692 992 1959 1048 exstant.
2023 985 2117 1048 De
2147 986 2392 1050 cultura

446 1103 770 1178 pratorum
815 1116 1051 1161 novum
1092 1097 1325 1160 librum
1361 1095 1618 1159 molitur
1649 1089 2077 1161 Gleditschius
2091 1142 2107 1170 ,
2168 1094 2260 1156 uti
2282 1114 2391 1158 nu·

376 1281 383 1290 ,
445 1226 561 1290 per
590 1204 669 1269 de
699 1209 1014 1292 sylvarum
1045 1229 1196 1272 cura
1217 1203 1366 1293 (von
1395 1196 1514 1271 der
1538 1204 2192 1294 Forsthksenschafi)
2222 1225 2393 1291 egre-

446 1317 620 1403 gium
651 1316 1093 1402 compendium
1123 1316 1318 1382 dedit.
1394 1318 1566 1382 Scire
1598 1315 1826 1380 deinde
1846 1315 2022 1400 cupis
2044 1366 2060 1393 ‚
2091 1335 2252 1401 quae
2275 1316 2394 1379 mi-

448 1426 513 1490 hi
537 1428 684 1514 ipsi,
723 1428 934 1514 quoad
963 1431 1407 1514 agriculturam
1441 1438 1506 1493 et
1537 1400 2178 1506 oeconomiam,⁶nota
2209 1437 2385 1506 sunt,

448 1540 620 1624 quod
647 1538 726 1603 de
759 1551 1117 1605 nostrarum
1146 1551 1459 1606 terrarum
1489 1541 1735 1605 cultura
1763 1540 2102 1625 intelligere
2125 1548 2186 1604 te
2209 1547 2387 1625 puto.

447 1647 550 1714 Ad
592 1652 751 1716 haec
800 1640 1199 1737 respondebo·
1225 1674 1245 1716 ε
1322 1649 1416 1736 l.)
1475 1652 1668 1714 Multa
1717 1652 1949 1735 passim
1975 1651 2304 1717 observata
2326 1651 2394 1714 in

320 1758 333 1773 ⁸
445 1748 761 1825 itinerario
789 1762 1056 1828 exstare.
1098 1760 1200 1848 2.)
1231 1759 1548 1859 Agrorum
1578 1761 1888 1826 culturam
1911 1810 1929 1840 ‚
1966 1782 2395 1848 pecorumque

444 1893 662 1937 curam
710 1873 775 1936 in
823 1874 921 1937 his
973 1876 1155 1939 terris
1188 1895 1323 1939 esse
1353 1873 1965 1961 negligentissimam.
2044 1873 2338 1939 Rusticos
2371 1921 2390 1952 ,

446 1980 844 2048 dominorum
864 1985 1173 2070 mancipia
1192 2034 1209 2060 ‚
1240 1985 1406 2047 ultra
1428 1972 1701 2047 inaximo
1731 1983 2081 2047 necessaria
2098 1984 2186 2046 nil
2210 2003 2393 2069 quae-

448 2112 613 2157 rere.
664 2093 739 2155 In
773 2093 1089 2181 plerisque
1118 2093 1478 2180 regionibus
1508 2102 1749 2156 tantum
1783 2112 2107 2177 superesse
2139 2112 2394 2175 campo-

445 2225 588 2268 rum
633 2200 1062 2286 incultorum,
1122 2215 1194 2270 ut
1241 2226 1319 2269 ne
1377 2203 1635 2291 quidem
1715 2202 1799 2268 de
1859 2197 2396 2291 pinguefaciendis

445 2313 605 2397 agris
645 2314 994 2411 cogitetur,
1045 2312 1159 2377 sed
1191 2314 1494 2378 exhausto
1525 2334 1654 2378 uno
1680 2314 1863 2386 loce,
1926 2330 2089 2397 ager
2102 2311 2168 2374 in
2192 2308 2399 2373 deser-

445 2434 578 2488 tum
621 2435 843 2503 antea,
899 2434 964 2488 at
995 2425 1275 2510 opimum
1309 2445 1601 2511 eampum
1645 2423 1971 2488 transferri
2000 2422 2216 2486 soleat.
2284 2420 2396 2513 Pe-

446 2554 594 2608 cus,
647 2533 757 2598 ubi
787 2526 1191 2620 populosiora
1217 2536 1409 2615 loca,
1453 2545 1698 2632 tantum
1730 2534 1811 2601 ad
1842 2536 2078 2602 victum
2109 2528 2398 2598 ιιθοοεεειὲ

447 2643 612 2707 rium
642 2644 772 2726 ali3
832 2644 899 2706 in
930 2644 1083 2709 locis
1109 2642 1369 2708 desertis
1401 2647 1689 2710 maximis
1719 2646 2058 2733 gregibus,
2103 2646 2236 2709 sine
2265 2644 2398 2708 ulla

338 2791 344 2798 ·
447 2775 602 2819 cura
631 2804 647 2832 ,
706 2754 832 2816 imo
879 2774 1063 2838 saepe
1094 2754 1227 2817 sine
1262 2763 1514 2839 pastore
1539 2776 1751 2818 errare
1782 2764 1844 2818 et
1871 2753 2271 2839 multiplicari
2302 2771 2395 2817 so-

447 2864 527 2926 lis
582 2863 700 2927 sub
753 2863 1024 2925 Naturae
1080 2862 1370 2947 auspiciis
1401 2912 1418 2940 ‚
1480 2864 1654 2926 nulla
1691 2863 1813 2927 alia
1839 2883 2031 2947 opera
2066 2857 2346 2925 adhibita
2371 2909 2389 2940 ‚

448 2992 639 3056 quam
670 2980 741 3035 ut
763 2968 1087 3059 mulgendi
1113 2992 1301 3036 causa
1334 2954 1552 3058 quavis
1578 2972 1824 3058 vesperi
1845 2970 1936 3044 fad
1958 2970 2208 3058 tuguria
2231 2990 2394 3035 com·

447 3083 735 3166 pellatur.
765 3116 857 3129 —
886 3079 1025 3145 Non
1057 3103 1207 3168 ergo
1233 3080 1403 3166 apud
1430 3091 1677 3146 nostros
1705 3083 2002 3167 agricolas
2032 3132 2049 3161 ,
2085 3077 2395 3144 ‘industri-

328 3177 333 3183 '
449 3192 571 3255 osis
612 3202 673 3256 et
701 3201 964 3276 angusto
999 3192 1196 3278 spatio
1228 3191 1481 3257 inclusis
1511 3192 1720 3279 Belgis
1753 3243 1769 3270 ‚
1822 3200 1967 3256 sunt
1997 3186 2394 3276 quaerendae
2471 3237 2478 3254 ι

447 3283 699 3387 regulae
743 3307 807 3365 et
835 3323 998 3367 nova
1030 3303 1311 3367 culturae
1342 3312 1683 3367 momenta.
1733 3339 1823 3350 —-
1874 3303 1927 3365 E
1955 3300 2181 3365 nostris
2211 3299 2395 3362 terris

445 3410 617 3475 haud
659 3413 1009 3497 putaverim
1049 3413 1171 3477 alia
1217 3412 1396 3478 vobis
1426 3412 1725 3499 prodesse
1750 3433 1933 3497 posse
1963 3461 1980 3489 ,
2036 3419 2227 3496 quam
2254 3409 2392 3472 her-

445 3522 558 3586 bas
615 3521 696 3586 ad
744 3531 1068 3608 pratorum
1120 3522 1655 3596 emendationem,
1713 3523 1957 3607 plantas
2006 3519 2339 3606 pabulares
2366 3566 2385 3597 ‚

445 3654 607 3718 quae
657 3654 914 3697 arenam
966 3643 1178 3698 amant
1224 3644 1287 3698 et
1330 3632 1533 3699 dunas
1581 3634 1767 3698 simul
1797 3632 2048 3696 fimare
2080 3640 2143 3694 et
2175 3627 2390 3715 pecori

440 3743 621 3807 utiles
647 3741 912 3806 reddere
933 3751 1171 3809 vestras
1201 3744 1481 3829 possint;
1522 3743 1904 3829 fruticesque
1934 3749 1996 3806 et
2023 3740 2281 3805 arbusta
2303 3736 2386 3804 ad

445 3871 621 3937 sepes
664 3855 900 3920 etitem
926 3852 1284 3919 solidandos
1311 3856 1501 3920 colles
1533 3875 1827 3920 arenosos
1850 3852 1991 3918 usui
2023 3853 2257 3940 futura.
2307 3852 2388 3916 Et
2497 3847 2504 3852 ’

445 3959 672 4026 horum
721 3964 832 4029 tibi
888 3963 1049 4028 inter
1089 3972 1394 4029 nostrates
1410 3965 1667 4049 'plantas
1693 3963 1991 4058 selectum
2021 3959 2259 4049 parabo
2291 3982 2388 4030 ca,
