2952 5080
512 542 577 586 n.
607 544 666 586 ι.
704 539 1034 585 suanno
1416 519 1553 586 204
2197 541 2452 587 tunsa

510 751 732 813 milam
750 797 766 828 ,
800 768 1026 813 novam
1049 748 1115 810 ui
1133 746 1317 811 fallor
1336 748 1607 833 speciem
1632 796 1649 827 ,
1686 756 1749 812 ot
1770 748 1912 813 alia.
1959 746 2264 835 Reliquas
2286 746 2452 836 Glyx-

507 856 859 944 cyon-bizas
886 859 1017 923 hoo·
1033 879 1198 923 anno
1223 878 1348 922 non
1392 861 1646 945 accepi,
1682 854 1912 945 potero'
1925 867 2137 931 tamen
2169 860 2291 923 alio
2322 861 2456 925 for·

463 1051 478 1068 ⁴
509 978 572 1034 te
586 998 611 1049 ·,
636 972 691 1033 si
714 968 934 1055 poscas
953 1020 970 1049 ‚
1000 992 1166 1036 anno
1190 971 1459 1036 mittere.
1511 971 1727 1051 Quum·
1749 970 2036 1056 proximo
2064 992 2229 1035 anno
2252 973 2452 1036 orien-

506 1081 740 1144 talioris
753 1080 1017 1145 Sibiriae
1041 1082 1108 1143 in
1132 1082 1508 1145 australibus
1537 1082 1700 1145 inter
1719 1082 1878 1144 *Irtin
1900 1091 1963 1145 et
1982 1082 2020 1145 J
2023 1082 2460 1147 eniseamver:

507 1189 753 1255 saturus
796 1192 915 1254 sim
943 1240 960 1268 ‚
1014 1211 1142 1254 non
1170 1191 1520 1278 ignobilem.
1541 1192 1907 1256 in'futuram
1944 1193 2234 1277 hyemem
2262 1210 2444 1277 spero
2559 1226 2572 1235 ’

505 1301 642 1365 fore
667 1302 975 1366 seminum
1000 1302 1452 1369 collectionem.
1515 1302 1654 1368 Hoo
1677 1302 1936 1366 unioum
1961 1301 2145 1379 doleo
2169 1353 2186 1381 ‚
2214 1324 2316 1367 me
2346 1326 2460 1370 ra-·

506 1410 894 1478 rissimar'um
916 1452 921 1457 -
944 1421 1013 1476 et
1065 1413 1639 1498 copiosissimarum
1687 1415 1987 1479 salsarum
2042 1415 2392 1498 plantarum
2419 1465 2437 1493 ‚

508 1524 1057 1609 quibusCaspioae
1080 1518 1368 1611 regiones
1399 1522 1732 1589 abundant
1748 1574 1764 1602 ‚
1794 1525 2031 1589 semina
2056 1538 2260 1614 paene
2274 1526 2450 1589 nulla*

506 1635 791 1699 obtinere
846 1634 1164 1720 potuisse,
1218 1636 1383 1720 -quia
1427 1657 1568 1699 sero
1617 1633 1872 1701 demum
1904 1628 2205 1701 autumn’o
2232 1627 2456 1702 omues*

505 1744 783 1808 fructum
810 1753 1175 1808 maturant.·
1200 1745 1275 1807 In
1308 1742 1613 1828 frigidiori
1638 1754 1847 1810 autem
1872 1745 2096 1810 Sibiria
2127 1796 2143 1824 ‚
2163 1745 2302 1810 -ubif
2318 1760 2450 1811 vei-⁴

506 1876 645 1933 sor,
682 1855 972 1941 quamvis
1004 1852 1323 1919 looasssalsa
1342 1904 1361 1928 ‚
1393 1866 1455 1918 et
1483 1857 1641 1920 saliti
1659 1857 1836 1921 lacus
1858 1848 2450 1934 abundant;·tameii

504 1965 617 2030 vix
640 1964 794 2029 aliae
822 1963 1070 2049 plantae
1089 2012 1106 2040 ‚
1138 1962 1389 2050 praeter
1415 1963 1789 2050 Tnpolium
1812 2014 1833 2045 ,
1857 1963 2289 2031 Saliborm‘a'm
2313 1966 2458 2029 hena

503 2072 760 2139 hizee'am
786 2076 1131 2161 ·vulgarem
1151 2124 1168 2151 ‚
1242 2073 1723 2160 Chenopodz'um
1777 2081 2179 2141 maritimum
2199 2076 2223 2155 '‚
2284 2075 2455 2141 'Kali-

504 2187 761 2271 vulgare
781 2234 813 2259 ‚.
834 2195 898 2249 et
922 2181 1239 2250 Sal-solam
1260 2197 1691 2270 prostratam,
1722 2197 2033 2251 eresount.
2085 2186 2210 2251 Sed
2240 2197 2452 2251 tantus

410 2368 425 2375 ,
504 2316 608 2359 me
640 2304 805 2359 tenet
841 2290 1026 2359 amois
1046 2297 1277 2360 horum
1307 2296 1374 2359 in
1403 2318 1633 2383 genere
1664 2288 2104 2384 vegetabilium
2123 2345 2140 2372 ‚
2181 2305 2264 2383 ut·
2282 2296 2452 2357 forte-

503 2404 800 2470 in‘meditu
829 2456 846 2485 ,
880 2405 1003 2470 'sub
1018 2408 1316 2493 „hyemem
1346 2405 1684 2493 aliquando
1712 2456 1729 2483 ,
1764 2407 2084 2470 hominem
2099 2408 2249 2471 'meo
2280 2426 2456 2485 sum-2

503 2528 575 2584 tu
623 2539 842 2585 versus
885 2540 1058 2584 mare
1090 2520 1385 2607 Caspium
1413 2517 1732 2582 dimittere
1750 2517 2175 2596 constituerim
2193 2568 2210 2596 ‚
2264 2536 2458 2604 prop-t

502 2639 599 2694 ter
627 2651 847 2695 eorum
877 2631 1114 2695 semina
1138 2630 1425 2719 legenda.
2443 2671 2450 2680 ·

518 2791 527 2798 ,
592 2741 668 2803 In
703 2741 921 2804 litteris
948 2742 1070 2805 tuis
1105 2739 1185 2805 de
1211 2739 1414 2806 Rhea*
1440 2740 1640 2806 variis
1671 2740 2052 2826 quaesivisti.
2124 2739 2320 2802 Doleo
2345 2757 2452 2800 au-s

502 2859 629 2915 tem
659 2902 676 2930 ‚
726 2872 830 2916 me
872 2852 1174 2917 haetenus
1221 2850 1507 2916 nondum
1538 2852 1607 2914 in
1647 2853 1786 2917 loea
1813 2901 1831 2929 ‚
1884 2849 1993 2914 uhi
2025 2849 2233 2915 variae
2257 2845 2452 2933 hujus

500 2963 746 3050 generis
790 2964 1024 3049 speeies
1071 2963 1441 3049 praesertim
1501 2972 1845 3027 naseuntur
1874 3011 1891 3039 ‚
1946 2960 2238 3026 Sibiriam
2283 2959 2453 3024 scili-³

501 3082 603 3138 oet
625 3074 985 3138 ulteriorem
1012 3123 1031 3152 ‚
1085 3094 1196 3138 seu
1223 3073 1684 3137 orientaliorem
1714 3071 2096 3156 pervenisse.
2176 3070 2447 3134 Unicum

500 3182 753 3249 Rheum
796 3183 1275 3269 Rhapontioum
1303 3233 1320 3262 ,
1375 3180 1555 3268 eujus
1605 3182 1718 3245 tibi
1756 3182 1994 3245 semina
2021 3201 2194 3245 nuno
2217 3182 2396 3244 mitto
2424 3229 2441 3258 ,

500 3296 920 3381 eopiosissime
945 3295 1234 3382 provenit
1262 3294 1329 3357 in
1354 3291 1737 3359 australioris
1749 3293 2030 3357 Tatariae
2053 3291 2289 3377 eampis
2314 3312 2448 3356 vas-

502 3408 748 3473 tissimis
778 3459 795 3487 ‚
879 3406 1410 3472 limoso-arenosis
1437 3455 1454 3483 ‚
1527 3403 1826 3469 subsalsis
1892 3412 1957 3467 et
2024 3401 2217 3467 aridis
2248 3453 2264 3481 ‚
2339 3400 2446 3466 uhi

500 3520 706 3604 primo
744 3541 891 3585 vere
925 3520 1047 3584 oito
1087 3518 1423 3583 sucorescit
1453 3503 1668 3602 planta
1688 3566 1704 3594 ‚
1735 3514 1951 3579 ·floret
1976 3566 1994 3595 ,
2052 3515 2288 3581 semina
2316 3535 2456 3578 ma·-

501 3638 667 3696 turat
696 3682 712 3710 ‚
745 3633 1035 3717 intraque
1065 3631 1305 3717 aliquot
1335 3629 1832 3722 septimanarum.
1857 3627 2126 3712 spatium
2147 3633 2222 3690 'et
2248 3623 2440 3710 perit',
2507 3647 2516 3654 ·

502 3738 898 3829 difflaturque
943 3765 980 3807 a
1022 3742 1224 3808 ventis
1256 3791 1274 3820 ,
1330 3741 1417 3804 ita
1462 3755 1537 3804 ut
1578 3740 1824 3804 nullum
1855 3736 2082 3803 radiois
2127 3733 2452 3817 vestigium

504 3854 814 3937 supersit,
866 3852 984 3916 nisi
1028 3874 1176 3916 area
1220 3849 1491 3917 rotimda
1521 3901 1538 3929 ‚
1594 3871 1786 3936 quam
1828 3848 1977 3913 folia
2009 3851 2292 3911 texerant
2320 3892 2338 3920 ‚
2393 3851 2458 3906 ot

502 3961 614 4026 ubi
644 3963 814 4028 nulla
840 3982 1121 4047 unquam
1153 3962 1433 4047 plantula
1463 3959 1937 4027 aliaexeresoit.
2013 3952 2318 4020 Radioem
2347 3974 2457 4019 ve-
