2952 5080
465 544 530 588 ιτ.
563 545 626 589 ι.
658 541 993 589 muno
1365 526 1492 593 105
2072 545 2394 590 nunus.

467 749 921 817 deratissimam
965 761 1139 817 mam
1169 753 1239 816 in
1270 761 1524 838 portum
1551 751 1887 819 incurrisse
1915 749 1999 816 ad
2028 751 2348 840 Warberg
2374 802 2391 831 ,

468 860 639 926 littus
686 862 1014 928 Suecicum
1037 858 1241 949 ‘prope
1269 864 1561 946 scaniam
1579 914 1596 943 ‚
1631 875 1704 928 ut
1728 858 2069 928 etiamnum
2102 883 2240 948 spes
2276 865 2393 943 sit,

469 992 693 1038 navem
722 974 848 1040 hoc
885 995 1048 1040 anno
1080 974 1401 1039 obtinendi
1416 1027 1432 1054 ,
1487 976 1606 1040 nisi
1635 976 1835 1040 hiems
1860 975 2038 1041 brevi
2056 975 2403 1062 conglaciet

464 1102 660 1147 mare.

473 1339 476 1344 ’
549 1359 646 1421 53.
1223 1311 1645 1418 Amicissime

1080 1480 1185 1537 θ’·
1226 1481 1645 1572 BURMANNE
1661 1462 1795 1563 (¹³).

467 1626 790 1727 Tandem
811 1710 830 1740 ‚
877 1670 1020 1747 post
1060 1659 1229 1724 mille
1272 1665 1453 1725 curas
1490 1670 1561 1725 'et
1586 1660 1827 1748 vigilias
1847 1711 1865 1740 ,
1912 1662 2164 1727 Holmia
2192 1664 2406 1750 accepi

468 1770 1068 1836 desideratissimum
1115 1770 1485 1836 fasciculum
1530 1773 1734 1836 Tuum
1780 1780 1843 1835 et
1888 1771 2144 1857 quidem
2193 1783 2334 1837 ante
2363 1774 2408 1839 5

465 1878 628 1944 dies.
676 1882 802 1945 Pro
833 1881 1044 1945 bulbis
1076 1879 1502 1947 devotissimas
1526 1879 1725 1946 reddo
1756 1867 1997 1968 grates,
2027 1882 2266 1947 utinam
2296 1883 2408 1948 ali-

467 1991 607 2079 quis
647 1993 879 2056 horum
898 2042 914 2070 ,
965 1993 1090 2056 hoc
1134 2013 1283 2056 vere
1299 2042 1315 2070 ‚
1368 1991 1556 2055 flores
1605 1993 1953 2056 rarissimos
1990 1977 2367 2078 produceret
2381 2018 2401 2078 3

467 2101 652 2166 sex-uie
678 2103 848 2166 enim‘
896 2119 1003 2166 eos
1048 2101 1117 2165 in
1148 2101 1284 2167 ollis
1316 2101 1626 2166 fenestrae
1657 2123 1941 2178 camarae
1972 2123 2148 2166 meae
2173 2096 2195 2180 ,'
2225 2111 2297 2166 ut
2323 2103 2412 2166 ibi

466 2223 826 2279 excrescant
854 2216 920 2278 in
943 2214 1034 2279 tui
1057 2214 1448 2279 memoriam.
1501 2214 1661 2279 Cum
1686 2213 1951 2279 floreant
1976 2264 1994 2291 ‚
2031 2213 2266 2279 dicam:
2299 2213 2413 2278 has

466 2324 722 2392 delicias
754 2330 966 2414 accepi
999 2348 1037 2390 a
1066 2348 1208 2390 meo
1237 2327 1630 2390 BurmannO.
1698 2353 1705 2360 ·

557 2433 805 2501 Celosia
843 2437 1068 2502 lanata
1109 2435 1296 2501 Pluk.
1328 2436 1530 2521 phyt.
1566 2445 1614 2500 t.
1655 2435 1768 2501 10.
1800 2433 1849 2500 f.
1890 2438 1952 2500 1.
1990 2442 2084 2499 est
2112 2435 2244 2499 Tua
2273 2435 2416 2523 Ire-

465 2550 606 2612 sine
656 2554 918 2634 persica
939 2600 955 2628 ‚
1020 2571 1181 2637 quae
1236 2559 1378 2615 ante
1420 2551 1470 2615 2
1517 2570 1716 2615 annos
1763 2548 1978 2614 floruit
2026 2535 2093 2614 ir'1
2141 2535 2457 2615 caldario'

465 2669 706 2724 nostro,

554 2772 729 2836 Mitto
765 2772 1122 2858 catalogum
1149 2772 1510 2857 plantarum
1538 2772 1840 2836 Tuarum.
1907 2772 2158 2836 Plantas
2201 2748 2417 2835 omnes

471 2882 537 2944 in
578 2888 745 2969 aq'ua
786 2879 988 2947 calida
1011 2861 1380 2962 maceravi}
1424 2868 1733 2966 explicavi
1752 2931 1769 2959 ‚
1811 2881 2150 2956 exsiccavi,
2185 2881 2417 2946 exami-

471 2992 670 3056 ιιεινί.ἑ
750 2989 1036 3080 Aliquot·
1069 2993 1318 3058 numeri
1363 2990 1697 3072 deficiunt,
1738 2993 1901 3057 forte
1932 2989 2220 3058 excidere
2264 2993 2419 3058 Hol-

472 3102 633 3167 miae
653 3153 669 3182 ‚
701 3100 856 3169 dum
875 3126 1119 3170 merces
1144 3105 1661 3170 examinabantur
1683 3104 1748 3168 in
1770 3104 2026 3169 Telonio
2042 3096 2077 3167 εἴ
2450 3169 2465 3184 ‚

560 3213 682 3280 382·
710 3214 824 3281 45.
875 3215 1163 3302 Phylica
1203 3218 1493 3281 radiata.
1567 3216 1814 3301 Duplex
1841 3222 1936 3279 est
1958 3200 2224 3280 varietas
2246 3264 2263 3291 ‚
2308 3215 2417 3279 sci-

665 3348 688 3359 ·’
738 3326 885 3391 licet
926 3326 1086 3392 flore
1126 3327 1371 3391 minore
1415 3334 1480 3391 et
1502 3324 1772 3412 maiore,
1803 3345 1964 3411 quae
1999 3324 2274 3407 viscosa3
2314 3324 2421 3390 vix

736 3447 1059 3502 merentur
1082 3439 1309 3524 speciei
1339 3436 1661 3526 distingui.

567 3536 674 3616 1'3'.
726 3548 1096 3616 Crotalan‘a
1130 3551 1384 3637 tm’flora
1432 3550 1629 3614 habet
1664 3547 1784 3612 tria
1812 3546 1962 3611 folia
1985 3538 2227 3610 floralia
2247 3552 2423 3608 extra

551 3670 554 3675 ⁴
667 3666 672 3677 '
736 3662 781 3726 3
811 3660 1031 3741 flores,
1069 3660 1242 3748 quod
1271 3663 1627 3749 singulare3
1678 3657 1922 3743 reliqua
1942 3655 2093 3720 folia'
2122 3656 2418 3721 solitaria.
2464 3738 2469 3743 .

569 3756 984 3836 lh‘Psoralea
1010 3792 1239 3857 repens
1262 3770 1455 3856 Berg.
1475 3819 1493 3848 ‚
1546 3789 1585 3833 a
1616 3788 1718 3831 me
1747 3774 1931 3832 antea
1953 3767 2247 3833 nonvisa
2278 3765 2417 3831 fuit.

527 3972 628 4053 ’(”)
667 3974 770 4037 Est
792 3976 1029 4060 epistola
1057 3975 1292 4037 hanani
1317 3973 1393 4036 ad
1418 3973 1493 4035 N.
1526 3972 1595 4033 L.
1626 3973 2023 4035 Burmannum.
2090 3994 2097 4025 ;
