2952 5080
564 538 629 580 n.
662 536 1091 585 brunnum
1466 506 1603 580 288
2149 530 2498 579 ruuumo.

561 762 629 807 se
659 726 785 807 non
815 743 1065 827 poterit.
1136 743 1234 806 Ex
1282 742 1509 827 plantis
1551 743 1589 806 J
1592 738 1867 826 aponiois
1897 737 2077 803 novis
2102 787 2120 816 ‚
2167 737 2304 803 300
2334 736 2503 801 tabu-

559 854 651 917 las
703 851 1106 919 delineandas
1153 854 1410 919 curavi:
1459 851 1672 918 adhue
1693 851 1989 917 ‘centuria
2013 848 2385 915 delineanda
2406 870 2505 912 re-

561 973 705 1027 stat.
772 966 998 1029 Multos
1030 975 1272 1030 sumtus
1292 963 1589 1050 'impendi
1609 963 1759 1028 huie
1787 963 1987 1048 operi.
2054 961 2299 1028 Vellem
2321 958 2508 1024 edere

558 1074 675 1138 has
723 1075 967 1140 tabulas
984 1127 1001 1155 ,
1070 1079 1160 1142 25
1201 1078 1271 1141 in
1316 1077 1564 1164 singulo
1613 1076 1911 1143 fasciculo
1936 1124 1953 1152 ,
2001 1076 2055 1139 si
2085 1072 2386 1153 editorem
2414 1074 2504 1136 in·
2540 1155 2544 1159 .

559 1187 772 1250 venire
810 1209 1061 1273 possem
1085 1238 1102 1265 ‚
1154 1190 1266 1275 qui
1294 1190 1447 1252 mihi
1489 1196 1731 1252 sumtus
1762 1185 2032 1252 reddere
2060 1187 2248 1252 vellet
2270 1186 2385 1270 'per
2406 1205 2507 1248 ex-

557 1298 857 1383 emplaria
870 1295 981 1364 =vel
1012 1283 1212 1363 aliter.
1283 1300 1454 1385 Opus
1489 1308 1655 1364 oerte
1681 1298 1852 1360 'foret
1873 1297 2269 1360 utilissimum
2291 1303 2353 1358 et
2374 1290 2502 1380 pulss

559 1406 809 1472 ehi-um.
858 1410 1131 1475 Sanitate
1147 1407 1495 1493 jam'fruor
1523 1408 1769 1472 meliori
1788 1458 1805 1485 ‚
1854 1404 1966 1471 sed
1994 1405 2501 1490 occupatissimus

558 1525 623 1579 et
644 1526 649 1533 ’
672 1517 995 1582 laboribus
1047 1518 1390 1583 innumeris
1442 1519 1706 1582 obrutus
1738 1518 2035 1604 perfecte
2053 1537 2241 1579 sanus
2292 1515 2501 1578 valere

558 1647 829 1713 nequeo.
911 1629 1087 1691 Uxor
1136 1648 1280 1693 mea
1338 1629 1662 1693 carissima
1692 1629 1938 1719 integra
1960 1623 2503 1709 sanitate'perfrui·

559 1745 664 1800 tur
712 1732 786 1801 et'
819 1737 1003 1802 liberi
1033 1738 1174 1803 'mei
1220 1738 1351 1805 duo'
1387 1739 1691 1826 gaudium
1719 1760 1932 1803 meum
1955 1745 2141 1802 sunt.
2209 1735 2404 1799 Filius
2430 1755 2505 1796 u-

559 1848 739 1913 nicus
761 1848 1071 1914 annorum
1089 1860 1232 1916 oeto
1255 1852 1583 1917 historiam
1600 1852 1948 1916 naturalem
1973 1850 2245 1927 amat'et,
2281 1856 2353 1912 ut
2377 1868 2505 1932 spe-

558 1979 656 2038 re,
684 1956 818 2043 ejus
843 1961 992 2025 olim
1014 1962 1133 2024 erit
1155 1959 1378 2027 doetus
1403 1971 1466 2026 et
1492 1963 1752 2048 peritus.
1789 1962 2070 2026 Statuam
2085 1959 2510 2045 porphyream

548 2066 685 2153 jam
731 2093 1026 2157 paramus
1072 2071 1215 2139 heio
1268 2073 1560 2160 Up'saliae
1588 2125 1605 2155 ‚
1655 2076 1721 2138 in
1750 2075 2120 2139 memoriam
2148 2068 2511 2137 immortalis

559 2181 840 2247 Linnaei.
880 2190 887 2237 ἱ
914 2184 1052 2248 Tibi
1083 2194 1286 2250 statua
1316 2186 1435 2250 erit
1466 2194 1673 2251 erecta
1693 2237 1709 2265 ‚
1760 2182 1914 2250 dum
1944 2186 2158 2250 vixero
2186 2234 2202 2263 ,
2243 2183 2308 2244 in
2338 2188 2513 2263 grato

559 2312 702 2356 meo
727 2293 941 2358 eorde.
994 2296 1238 2360 Salutes
1269 2317 1487 2360 omnes
1516 2294 1657 2360 tuos
1683 2318 1718 2360 a
1736 2316 1839 2359 me
1859 2345 1876 2375 ,
1907 2294 2019 2358 tibi
2042 2291 2512 2358 obstrictissimo

560 2412 624 2466 et
650 2406 823 2470 vivas
849 2404 1097 2493 semper
1121 2414 1492 2494 semperque
1514 2403 1665 2471 felix‘
1678 2457 1694 2486 ,
1741 2415 1972 2470 memet
1992 2423 2317 2490 nunquam
2333 2419 2506 2478 non3

560 2511 631 2577 u't
658 2524 833 2589 ante,
873 2538 1110 2582 amans.

650 2625 942 2711 Upsaliae
971 2626 1040 2691 d.
1083 2628 1165 2692 16
1187 2624 1654 2715 Aprilis-1793.
