2952 5080
513 481 578 522 ιι.
612 480 672 523 ι.
707 477 1039 523 suanno
1398 458 1538 531 232
2190 479 2413 522 mnus
2425 505 2443 522 .

2280 559 2290 583 Ι

672 568 707 575 „a

605 788 696 829 12.
935 767 1181 829 'Amico
1209 767 1509 850 egregio,
1540 728 2010 829 Celeberrimo
2063 802 2068 805 -

923 893 1252 950 N1ooLAo
1298 894 1516 950 LAUR.
1562 890 2033 963 ΒυιιΜΑΝΝο,

828 1052 833 1057 ,
901 1000 1129 1075 Medico
1149 1007 1207 1057 oc
1229 999 1511 1069 Botam‘co
1536 996 2058 1057 Ametelodamemi
2068 1043 2088 1070 ‚

962 1094 1224 1155 Salutem
1249 1096 1531 1164 etfamta
1546 1097 1821 1172 plurima
1841 1102 2014 1171 optat,

1241 1222 1313 1275 P.
1339 1221 1405 1277 s.
1424 1220 1728 1277 PALLAs.
1763 1288 1766 1293 ³

516 1318 914 1433 studiosos,
953 1356 1063 1441 qui
1092 1346 1204 1418 tibi
1232 1353 1421 1420 hasce
1443 1375 1618 1419 meas
1647 1349 1918 1417 reddent
1938 1352 2212 1436 litteras,
2262 1344 2459 1416 Sol-‹3-

406 1466 409 1479 ’
509 1466 614 1553 los
635 1474 697 1528 et
736 1461 939 1551 Sujef
950 1465 1250 1542 nomine,
1281 1460 1500 1528 ambos
1530 1471 1715 1575 ἕψω
1740 1464 2017 1541 Russus,
2048 1462 2233 1525 etiam
2264 1469 2453 1546 atque

508 1575 695 1640 etiam
723 1575 837 1638 tihi
867 1573 1274 1653 commendo,
1307 1592 1590 1660 rogoque
1622 1583 1727 1652 ut,
1756 1584 2058 1660 tanquam
2074 1571 2216 1637 fidis
2241 1594 2450 1637 sexen-

506 1685 685 1748 nium
723 1685 1013 1750 laborum
1044 1686 1270 1762 sociis»,
1325 1684 1769 1772 historiaeque
1777 1685 2094 1750 naturalis
2106 1682 2312 1749 studio
2341 1690 2454 1770 apssb

503 1795 709 1880 prime
738 1793 1055 1865 destinatis
1076 1845 1093 1874 ‚
1107 1819 1114 1833 ·
1130 1795 1377 1880 copiam
1408 1796 1737 1861 thesauros
1760 1795 2055 1881 proprios
2086 1791 2455 1882 inspiciendi

503 1901 777 1992 benigne
812 1905 1061 1977 facere»,
1094 1905 1510 1990 'aliorumque
1548 1904 1631 1970 ad
1661 1924 1888 1969 musea.
1904 1906 2303 1970 curiosorum
2327 1952 2362 1982 ,-
2400 1906 2455 1968 si

503 2007 728 2094 vacet,
770 2014 1172 2081 introducere
1201 2016 1341 2081 illos
1370 2017 1551 2081 velis.
1622 2015 1749 2081 Sed
1761 2046 1768 2069 ·-
1779 1996 1861 2081 de
1890 2018 2123 2082 mutuis
2152 2017 2315 2081 inter
2337 2035 2454 2080 nos

502 2123 693 2189 rebus
718 2175 735 2204 ,
771 2127 1135 2211 praesertim
1165 2124 1244 2189 de
1274 2125 1615 2190 seminibus
1644 2148 1806 2213 quae
1834 2126 1916 2191 ad
1938 2137 1999 2191 te
2028 2126 2202 2204 misi,
2239 2147 2453 2191 coram

500 2235 623 2300 illis
644 2237 840 2300 nihil!
889 2239 1003 2302 Est
1017 2228 1229 2316 enim,·
1261 2247 1332 2301 ut
1352 2259 1524 2301 nunc
1552 2236 1759 2312 video,
1794 2240 1974 2324 plena
2006 2236 2276 2303 invidiae
2301 2257 2445 2315 res,

502 2336 851 2431 verumque
875 2347 1275 2412 inimicorum
1302 2366 1592 2412 meorum
1621 2347 1952 2432 pabulum.

546 2455 714 2518 -Per
739 2455 978 2533 breve,
1018 2447 1190 2543 quod
1220 2456 1327 2521 hic
1350 2465 1776 2521 commoratus
1807 2476 1980 2533 sum,
2028 2463 2275 2540 tempus
2299 2455 2452 2519 satis

499 2567 833 2651 perspexi
852 2569 1060 2633 solum
1100 2569 1227 2633 hoc
1285 2565 1632 2634 inimicum
1672 2566 2037 2632 liberalibus
2084 2566 2306 2634 animis
2347 2587 2451 2630 me

498 2671 673 2737 haud
715 2663 828 2739 diu
868 2677 1168 2748 laturum.
1212 2653 1367 2742 Mn
1405 2676 1597 2744 modo
1632 2677 1957 2744 exantlatis
1981 2697 2207 2761 magno
2240 2675 2448 2741 animo

498 2782 822 2849 laboribus
848 2797 910 2850 et
927 2788 1243 2872 periculis,
1278 2790 1632 2875 praemium
1652 2798 1715 2852 et
1744 2789 1883 2852 laus
1911 2788 2085 2862 nulla
2129 2795 2305 2859 sunt,
2333 2782 2450 2849 sed

494 2896 707 2978 potius
753 2900 1117 2965 cooriuntur
1167 2898 1446 2986 undique
1481 2898 1758 2970 invidiae
1785 2951 1802 2978 ‚
1864 2898 2227 2985 roduntque
2259 2918 2448 2964 avaro

500 3001 687 3069 dente
719 3010 1012 3093 collegae,
1043 3012 1270 3097 quibus
1293 3012 1626 3077 aemulatio
1647 3033 1775 3075 nou
1806 3011 2018 3075 insola
2037 3010 2318 3088 scientia,
2337 3008 2452 3074 sed

501 3117 568 3181 in
590 3133 926 3186 crumenae
955 3137 1168 3187 amore
1198 3133 1466 3210 torquet.
1517 3125 1740 3210 Itaque
1766 3125 1971 3191 valeat
1993 3125 2153 3187 haec
2179 3123 2451 3189 barbara

500 3230 683 3294 tellus
708 3280 726 3310 ‚
749 3232 801 3295 si
824 3232 1013 3299 modo
1032 3285 1048 3312 ‚
1080 3257 1240 3322 quae
1268 3233 1651 3301 Academiae
1677 3256 1756 3298 ex
1772 3236 1994 3299 itinere
2019 3232 2238 3298 dehita
2257 3243 2443 3307 sunt>

502 3343 852 3407 exsolvero.
927 3340 1144 3409 Melius
1176 3347 1293 3410 erit
1309 3396 1327 3423 ‚
1363 3348 1464 3410 vel
1508 3347 1575 3409 in
1610 3347 1842 3432 angulo
1875 3344 2151 3431 quodam
2181 3344 2450 3409 obscuro

501 3452 736 3537 patriae
785 3453 1146 3520 delitescere
1194 3447 1706 3543 medio‘cremque
1747 3456 2085 3541 tranquillo
2118 3456 2246 3522 frui
2275 3455 2400 3519 otio
2426 3500 2445 3526 ,

502 3562 602 3625 vel
632 3562 883 3628 ultimos
912 3574 1115 3630 terrae
1138 3565 1294 3629 fines
1316 3574 1528 3651 petere
1548 3616 1565 3644 ,
1595 3566 1705 3630 ubi
1734 3567 1801 3636 in
1839 3565 2044 3630 studio
2069 3567 2338 3631 Naturae
2360 3584 2448 3626 se·

502 3691 772 3738 nescam.
844 3675 983 3739 Hoc
1032 3676 1323 3741 ultimum
1364 3697 1481 3762 per
1520 3685 1582 3740 te
1618 3676 1825 3740 solum
1854 3725 1871 3754 ,
1926 3686 2191 3761 tuosque
2214 3673 2446 3739 amicos

501 3783 860 3870 contingere
889 3794 1115 3869 potest.
1191 3785 1316 3850 Sed
1336 3784 1415 3849 de
1436 3794 1716 3872 tempore
1734 3837 1751 3865 ‚
1781 3782 2221 3872 quando‘quid
2235 3781 2446 3847 moliri

500 3894 700 3977 possis
720 3943 736 3973 ,
766 3895 1039 3959 incertus
1063 3894 1272 3962 adhuc
1300 3898 1567 3963 haereo:
1593 3899 1758 3965 intra
1786 3918 2065 3963 annuum
2084 3944 2102 3975 ,
2138 3893 2312 3979 quod
2340 3894 2447 3961 hio
