2952 5080
544 514 608 561 n.
642 521 707 563 ι.
733 517 1064 568 suanno
1458 507 1598 578 '248
2111 541 2463 592 ramme.

537 726 812 810 mutavi3
869 727 922 790 si
969 728 1178 815 itaque
1227 738 1371 797 ante
1398 734 1674 805 medium
1700 743 1932 807 mensis
1957 744 2126 808 Junii
2151 796 2169 824 ‚
2227 748 2464 835 aliquid

535 835 691 899 mihi
732 833 1112 904 demandare
1136 843 1289 907 velis
1306 893 1323 922 ‚
1373 844 1582 912 fautor
1603 851 1831 937 optime
1851 901 1872 931 ‚.
1920 852 2203 942 adeoque
2231 860 2464 924 litteras
2577 921 2584 927 ,

533 944 618 1010 ad
641 966 743 1010 me
770 945 945 1026 dare,
979 951 1149 1018 hisee
1172 954 1394 1021 litteris
1411 959 1713 1028 inscribas
1733 964 1953 1030 velim:
1985 967 2028 1031 ὰ
2049 968 2274 1043 Paris,
2306 972 2466 1037 obaz¹

532 1075 774 1119 monor.
828 1055 1140 1134 Brockot,
1187 1084 1306 1128 rue
1351 1064 1448 1131 St.
1482 1066 1733 1156 Juques
1751 1120 1774 1147 ‚.
1822 1096 1908 1138 au
1936 1079 2083 1140 eoin
2111 1079 2188 1141 de
2213 1080 2359 1143 celle
2382 1081 2461 1143 de

519 1166 760 1248 platre.
812 1162 1168 1255 Antequam
1191 1173 1459 1242 Parisios
1478 1181 1764 1268 relinquo
1780 1231 1798 1258 ‚
1835 1185 2047 1250 forsan
2068 1188 2222 1252 mihi
2249 1188 2459 1254 licebit
2561 1194 2564 1207 '

525 1271 959 1342 adhuo'semel
979 1279 1216 1346 litteras
1241 1282 1322 1348 ad
1351 1295 1539 1353 temet
1562 1289 1738 1357 dare.
1789 1293 2006 1380 Usque
2032 1296 2186 1363 dum
2208 1300 2419 1365 vixero
2433 1349 2452 1379 ,

523 1387 934 1468 permanebo,
1142 1428 1149 1445 .
1786 1424 1796 1457 ι

791 1496 1189 1585 Amplissime
1208 1503 1366 1589 Vir,
1397 1509 1668 1578 Patrone
1697 1514 1928 1602 optime
1946 1569 1968 1597 ,,
2001 1571 2008 1576 .
2041 1524 2058 1542 “

1054 1620 1198 1685 tuus
1230 1617 1422 1683 eliens
1454 1621 1960 1693 obsffictissimm

1233 1742 1567 1805 σηοως
1591 1750 1885 1810 PETRUS
1914 1751 2350 1810 Tamesae.

598 1824 857 1897 Parisiis
881 1833 950 1900 d.
987 1837 1099 1903 14.Γ
1128 1843 1334 1910 1771.
1370 1860 1409 1891 -·
1487 1890 1494 1897 .
1571 1868 1574 1871 “

584 2073 647 2134 3.
756 2092 761 2095 ’
912 2094 917 2097 “
1142 2086 1591 2168 Amplissimo
1638 2084 1809 2158 Viro

910 2182 1244 2265 Domino
1267 2211 1599 2274 mcomo
1620 2199 2045 2280 BURMANNO

1182 2318 1185 2321 ·
1319 2309 1386 2375 S.
1415 2311 1494 2376 P.
1526 2314 1608 2378 D'.

908 2420 1250 2501 cARonus
1272 2427 1563 2488 perans
1588 2422 2018 2494 TnuNBERG.

489 2552 750 2655 Laetus
812 2597 1118 2664 recordor
1187 2599 1378 2669 debiti
1447 2611 1573 2673 mei
1601 2659 1619 2691 ,
1698 2616 1928 2701 gratias
1984 2618 2102 2682 tibi
2161 2641 2435 2688 summas

487 2699 750 2786 agendi,
802 2704 1070 2786 Patrone
1114 2713 1345 2798 optime
1367 2762 1384 2795 ‚
1436 2718 1520 2783 ob
1579 2724 1789 2789 omnia
1845 2735 1907 2790 et
1963 2727 2205 2815 singula
2258 2732 2433 2799 favo·

486 2808 595 2872 ris
625 2814 714 2877 tui
763 2819 1100 2908 specimina
1122 2869 1141 2895 ,
1201 2846 1366 2910 quae
1410 2828 1478 2892 in
1524 2852 1625 2895 me
1676 2835 1975 2902 collocata
1996 2839 2433 2926 gratiosissime

486 2919 759 2985 voluisti.
832 2925 1025 2991 Certe.
1054 2932 1237 3014 plura
1287 2955 1324 2998 a
1369 2939 1732 3021 parentibus
1762 2944 1827 3007 in
1867 2944 2098 3012 liberos
2127 2950 2435 3034 proficisci

485 3046 613 3090 non
649 3043 911 3114 possunt
949 3029 1252 3107 beneficia
1274 3094 1294 3121 ‚
1338 3066 1533 3132 quam
1562 3049 1815 3137 quidem
1840 3054 1979 3134 illa,
2016 3078 2287 3142 quorum
2316 3080 2433 3147 ego
2499 3066 2513 3093 ’

483 3158 523 3201 a
544 3146 639 3216 te,
667 3139 874 3206 fautor
896 3147 1151 3230 optime,
1183 3157 1493 3244 partioeps
1517 3161 1719 3230 faetus
1746 3186 1909 3231 sum.
1945 3170 2156 3235 Sentio
2175 3171 2434 3257 quidem

482 3266 600 3333 ego
641 3270 744 3314 aes
769 3261 834 3315 et
858 3254 1300 3341 obligationem
1330 3268 1500 3353 apud
1527 3280 1586 3335 te
1616 3294 1851 3355 meam,
1899 3276 2011 3342 sed
2036 3278 2324 3352 desidero
2349 3284 2431 3346 si-
