2952 5080
517 797 545 804 ”
681 789 692 826 '¹
1269 787 1640 845 EPISTULA
1698 793 1702 797 Δ
2226 799 2231 806 ‘

469 1051 481 1062 .
575 924 682 1018 J.⁴
737 857 1256 1044 GESNERJ.
1291 893 1416 1008 An
1466 924 1557 1011 J.
1606 881 2417 1010 BURMANNUM'

534 1097 540 1110 ·
581 1102 586 1108 ·
1019 1123 1026 1130 2
1117 1085 1120 1088 ’
1225 1117 1229 1122 ·
1287 1115 1290 1118 Δ
1351 1149 1356 1154 .
1403 1095 1508 1148 ET

371 1312 379 1318 ,
493 1220 585 1322 ,ι
630 1214 1246 1352 ΒυΒΜᾼΝΝι
1296 1242 1419 1301 An
1446 1213 1554 1328 J·
1598 1211 2237 1350 GESNERUM
2265 1212 2425 1326 (³⁸²)-

1926 1557 1933 1574 J
2022 1537 2069 1574 εἰ(
2114 1559 2119 1566 ,

590 1683 639 1721 1.
859 1659 1476 1721 Excellentissimo
1514 1672 1569 1719 et
1610 1649 2066 1720 celeberrimo

889 1847 894 1852 .
1071 1798 1344 1857 JOANNI
1376 1798 1800 1857 BURMANNO
1817 1831 1839 1869 ‚
1960 1847 1965 1852 ,

769 1904 990 2020 Med.
987 1893 1135 2012 Dr.
1167 1913 1224 1962 et
1242 1904 1579 1980 Prosae-sori
1605 1906 2123 1965 Amstelodamenn·
2156 1925 2172 1936 ⁴

1133 2005 1141 2012 ’
1211 2003 1244 2012 ”
1287 2003 1375 2078 S.
1407 2007 1521 2077 Pl.
1536 2013 1637 2077 Ι)

1049 2145 1438 2204 JonANNEs
1474 2147 1890 2205 assumus.

493 2283 658 2383 Etsi
705 2317 1006 2383 memoria
1052 2307 1402 2408 amicitiae}
1467 2337 1594 2407 qua
1640 2343 1742 2386 me
1782 2329 1924 2386 ante
1955 2321 2071 2385 hos
2115 2321 2205 2387 30
2239 2303 2435 2385 annos

492 2430 928 2494 communibus
960 2429 1179 2495 studiis
1214 2421 1495 2494 deditum
1523 2427 1750 2495 Leidae
1775 2431 2096 2517 amplexus
2131 2453 2228 2509 ωε,
2258 2419 2435 2495 num·

431 2560 438 2566 ·
491 2560 679 2625 quam
710 2542 914 2606 animo
942 2540 1273 2619 exciderit,
1305 2525 1443 2606 eam
1468 2543 1657 2608 etiam
1681 2542 1946 2608 subinde
1969 2566 2084 2630 per
2105 2544 2314 2633 literas
2345 2544 2433 2607 in·

489 2652 766 2716 staurare
805 2644 1136 2738 *cogitarim
1157 2703 1173 2730 ‚
1218 2654 1479 2716 'factum
1517 2664 1727 2717 tamen
1779 2665 1872 2719 est
1897 2705 1912 2734 ‚
1965 2660 2036 2718 u't
2064 2652 2433 2718 ‘dubitarem

488 2762 683 2825 multa
707 2761 788 2825 ad
813 2747 897 2824 Te
921 2754 1217 2836 scribere,
1243 2760 1791 2844 occupatissimum
1818 2772 1880 2825 et
1901 2763 2078 2846 praxi
2105 2761 2350 2826 medica
2372 2771 2435 2827 et

487 2870 857 2935 doctissimis
906 2870 1468 2936 lucubrationibus,
1546 2871 1671 2935 Sed
1703 2873 1979 2937 animum
2009 2868 2249 2936 addidit
2276 2872 2432 2935 ami-

485 2990 594 3044 cus
637 2994 814 3044 meus
853 2982 935 3046 D.
968 2980 1289 3046 Schinzius
1322 2979 1493 3047 Med.
1531 2979 1843 3045 studiosus
1869 3033 1886 3060 ‚
1937 3002 2126 3068 quem
2158 2984 2431 3068 superio·

485 3090 546 3154 ri
579 3091 861 3177 proxime
891 3114 1055 3156 anno
1086 3103 1216 3156 tam
1245 3092 1550 3157 benevole
1582 3092 1876 3177 excepisti
1904 3144 1920 3173 ‚
1973 3103 2043 3157 ut
2075 3074 2256 3159 facile
2289 3114 2429 3156 sen-

429 3266 436 3271 ,
484 3201 667 3266 tirem
713 3206 938 3268 veteris
980 3203 1143 3268 inter
1172 3225 1287 3268 nos
1307 3204 1735 3269 familiaritatis
1770 3207 2136 3269 memoriam
2159 3214 2268 3268 tuo
2295 3203 2427 3267 ani-

561 3399 643 3475 ‘(··)
694 3398 834 3459 Sunt
862 3404 918 3458 et
940 3399 1076 3458 mihi
1105 3398 1403 3459 nonnuflae
1432 3400 1698 3482 epistolae
1716 3447 1732 3473 ‚
1763 3400 1982 3482 belgico
2009 3399 2273 3460 idiomate
2301 3418 2429 3459 con·

488 3493 764 3576 scriptae,
795 3496 832 3555 J
836 3494 1069 3555 ohannis
1095 3495 1342 3578 Philippi
1360 3497 1604 3575 Brayne
1631 3497 1783 3574 (sic),
1812 3496 2017 3557 medici
2043 3493 2421 3570 Gedanensis‚

488 3589 594 3649 filii
607 3589 808 3650 Jacobi
820 3591 1116 3669 Braynii‚
1138 3591 1302 3650 datae
1322 3591 1396 3651 ad
1414 3593 1471 3653 J.
1487 3592 1864 3652 Burmannum
1880 3592 2038 3651 annis
2058 3589 2239 3673 1750-
2248 3591 2420 3672 1757,
2482 3626 2485 3635 ·

489 3706 654 3768 quas
658 3707 793 3769 vero
834 3706 960 3771 cum
983 3683 1213 3773 publico
1244 3686 1649 3745 communicare
1676 3687 1856 3769 minus
1884 3686 2017 3746 utile
2047 3684 2202 3745 duxi.
2234 3721 2311 3731 --
2339 3687 2424 3746 De

488 3794 718 3863 utroque
754 3780 997 3862 Braynio
1035 3779 1349 3839 conferatur
1385 3780 1635 3839 Historia
1674 3781 1756 3840 rei
1792 3760 2081 3865 herbariae
2118 3781 2425 3867 Sprengelii

494 3875 671 3958 (ILP
680 3920 693 3934 .
743 3874 1115 3954 ι4ι-ι44),
1156 3875 1249 3959 qui
1277 3871 1621 3953 Breynzum
1636 3875 1866 3948 scribit,
1911 3875 2075 3961 quod
2086 3898 2221 3938 vero
2251 3874 2306 3935 in
2334 3878 2424 3959 ip-

494 3967 604 4027 sius
632 3970 859 4052 Braynii
885 3970 1129 4052 epistolis
1156 3969 1314 4029 aliter
1330 3968 1580 4049 legimus,
2196 4014 2197 4017 η

1756 4070 1896 4136 12*
