2952 5080
495 557 559 600 n.
587 560 648 601 ι.
681 551 1016 602 sumno
1418 535 1507 603 57
2102 559 2425 606 nunnus.

577 852 676 917 31.
1040 847 1206 911 Viro
1258 847 1883 931 Eptperientissimo

1066 989 1140 1043 o.
1183 988 1333 1043 Nic.
1373 968 1800 1048 BURM'ANNO
1815 1023 1836 1061 ‚

1246 1095 1434 1163 Med.
1484 1096 1674 1163 Doct.

1421 1228 1492 1292 S.
1585 1238 1590 1242 ’

1199 1361 1268 1416 C.
1296 1358 1700 1417 LINNAEUS.

490 1501 755 1620 Accepi
800 1533 939 1598 heri
979 1533 1142 1598 Tuas
1183 1533 1394 1598 literas
1417 1582 1435 1612 ‚
1488 1542 1586 1614 et,
1633 1542 1778 1598 ante
1801 1534 1845 1598 5
1875 1530 2007 1597 dics
2027 1583 2045 1613 ‚
2080 1530 2234 1598 dum
2257 1554 2432 1600 eram

485 1644 770 1708 Holmiae
785 1695 801 1723 ,
843 1644 1056 1708 cibum
1086 1642 1170 1708 ad
1196 1664 1462 1709 uxorem
1484 1644 1776 1727 missum3
1820 1642 1995 1730 quod
2024 1641 2263 1709 tamdiu
2286 1645 2432 1709 Hol-

485 1754 647 1817 miae
677 1751 997 1818 detentum
1012 1804 1028 1833 ,
1073 1774 1272 1840 quum
1313 1774 1457 1835 non=
1478 1753 1663 1819 liceat
1686 1751 1994 1839 ejusmodi
2014 1775 2207 1838 panes
2234 1755 2433 1818 intro-

487 1861 743 1928 ducere.
812 1862 1044 1949 Accepi
1092 1873 1230 1929 tum
1271 1863 1490 1930 itidem
1534 1865 1862 1951 Catalogos
1905 1885 2122 1943 rerum
2142 1865 2433 1931 naturali·
2507 1905 2524 1917 .

484 1992 596 2036 um
615 2023 630 2051 ‚
667 1993 829 2059 quae
860 1972 1372 2059 divenderentur.

572 2082 826 2146 Floram
845 2081 1189 2167 Capensem
1208 2133 1225 2161 ,
1255 2082 1307 2145 si
1326 2081 1653 2147 absolvere
1675 2083 1884 2147 valeas
1898 2132 1916 2162 ‚
1941 2084 2247 2167 optimum
2262 2104 2436 2169 prae·
2517 2058 2526 2073 ⁸

404 2210 405 2213 ’
486 2192 677 2257 stabis
702 2211 884 2277 opuS.
929 2188 1213 2279 Adjicias
1241 2194 1598 2278 synonyma
1621 2200 1929 2279 quotquot
1949 2192 2181 2278 poteris
2200 2192 2432 2271 omnia,

483 2302 594 2368 sed
635 2312 814 2369 caute
847 2303 912 2366 in
941 2304 1041 2367 his
1070 2300 1379 2388 procedas
1400 2340 1427 2383 ,›
1458 2313 1523 2367 et
1549 2325 1773 2368 caveas
1794 2353 1810 2382 ‚
1846 2324 1927 2367 nc
1958 2323 1994 2366 e
2032 2301 2436 2368 varietatibus

482 2415 852 2501 multiplices
883 2415 1122 2500 species
1142 2465 1159 2494 ‚
1189 2437 1351 2501 quae
1378 2417 1522 2481 heic
1544 2416 2008 2503 copiosissimae
2030 2464 2047 2494 ,
2077 2414 2130 2478 si
2159 2413 2361 2479 ullibi.

567 2528 704 2614 Ego
727 2548 868 2591 meo
894 2527 1189 2614 Catalogo
1210 2527 1478 2615 Capensi
1497 2526 1800 2615 adscripsi
1829 2526 1959 2593 168
1980 2525 2237 2612 species.
2262 2524 2437 2592 Dias

481 2638 811 2724 singularis
842 2647 936 2704 est
953 2688 969 2717 ‚
1018 2659 1208 2724 quam
1238 2638 1408 2725 apud
1444 2639 1530 2703 Te
1562 2660 1689 2703 non
1710 2637 1867 2705 vidi.
1946 2635 2435 2724 quophyllum

477 2754 833 2815 coccineum
856 2748 1227 2836 propediem
1244 2750 1497 2815 florebit
1513 2775 1531 2835 ;
1567 2751 1807 2815 utinam
1824 2751 2139 2836 perficerit
2157 2750 2428 2814 semina!

485 2860 807 2924 simillima
831 2870 926 2924 est
951 2845 1391 2935 Salzbormue,
1422 2860 1534 2925 sed
1558 2862 1721 2925 foliis
1753 2858 2124 2947 conjugatis.

574 2964 942 3034 Ger-auium
975 2972 1297 3055 peltatum
1339 2981 1401 3036 et
1449 2970 1815 3036 tuberosum
1853 2971 2083 3057 optimc
2112 2971 2237 3036 hoc
2262 2991 2429 3036 anno

479 3080 773 3147 floruere.
800 3119 892 3131 -—
911 3082 1352 3168 Mem'epermi
1375 3092 1438 3148 et
1459 3106 1595 3149 mas
1621 3093 1685 3149 et
1703 3083 1934 3149 femina
1963 3082 2205 3148 floruit.
2242 3119 2333 3132 -—
2363 3083 2431 3148 Si

479 3211 693 3276 posses
734 3194 1036 3259 extricare
1074 3190 1438 3281 Selaqinem
1478 3195 1744 3260 dubiam
1769 3194 1933 3259 bene
1964 3195 2238 3278 faceres3
2282 3193 2430 3259 novi

483 3310 648 3366 certe
699 3305 940 3389 generis
969 3306 1184 3390 planta
1198 3354 1216 3384 ,
1267 3327 1414 3372 cum
1437 3327 1602 3372 vere»
1625 3304 1889 3370 diandra
1917 3304 2017 3369 sit.
2094 3300 2426 3369 Gramina

477 3415 585 3480 vix
604 3415 734 3479 ulla
757 3412 1080 3500 Capaneia
1102 3418 1257 3483 mihi
1288 3419 1425 3486 visa
1445 3426 1614 3484 sunt.
1644 3417 1865 3482 Nullus
1888 3415 2106 3481 dubito
2126 3461 2143 3492 ,
2180 3413 2333 3499 quin
2363 3419 2425 3476 et

477 3523 567 3589 ibi
589 3525 786 3590 multa
809 3526 954 3591 sint.
1322 3565 1329 3570 -

569 3630 870 3700 Gerardi
893 3636 1135 3721 plantas
1160 3633 1289 3701 non
1310 3636 1465 3705 vidi.

569 3742 858 3831 Accipies
888 3767 1106 3844 omnes
1147 3748 1385 3833 species
1407 3744 1941 3829 Monadelphaekze‚
1983 3764 2144 3831 quae
2167 3744 2291 3808 hoc
2318 3764 2419 3809 an·

486 3874 567 3918 no
596 3858 834 3921 semina
863 3856 1036 3938 dant,
1120 3883 1123 3890 ’

569 3966 976 4035 Fahlunensis
1031 3968 1184 4034 urbs
1226 3977 1353 4034 tota
1401 3965 1810 4056 conflagravit
1837 3965 2108 4054 exceptis
2151 3966 2200 4033 8
2220 3964 2423 4031 domi-
