2952 5080
431 577 485 618 ι.
515 575 847 621 suanno
1164 574 1167 577 ·
1367 560 1411 623 3
2030 584 2346 632 minatus.

510 891 569 930 2.
1068 869 1239 931 Viro
1283 870 1694 931 Clarissimo

918 1010 993 1064 D.
1042 1008 1319 1081 som!
1369 1009 1791 1079 BURMANNO
1818 1043 1840 1079 ‚

847 1114 1182 1175 Medicinae
1206 1114 1455 1178 Domri
1473 1116 1541 1176 Ε
1540 1124 1922 1196 τροήίεσίηιο,

657 1222 991 1299 Profieeort‘
1012 1224 1322 1285 Bolanis-ee
1347 1224 1743 1284 Ametelidum
1769 1224 2116 1284 Clarissimo

1185 1346 1297 1397 etc.
1329 1342 1442 1395 otc.
1474 1345 1587 1398 etc.

1224 1440 1292 1508 S.
1321 1436 1421 1508 Pl.
1456 1442 1539 1507 D.

978 1589 1311 1648 canonos
1360 1588 1740 1648 numanus
1766 1624 1788 1660 ‚

1164 1699 1282 1758 Pr.
1314 1692 1406 1758 H.
1426 1696 1517 1759 ·C.
1538 1696 1611 1778 (²⁴¹)

416 1791 622 1893 Hora
662 1829 785 1895 hac
802 1881 818 1909 ‚
877 1852 1005 1918 qua
1046 1832 1399 1920 respondeo
1416 1885 1434 1914 ,
1485 1832 1752 1898 Litterae
1790 1830 2196 1897 amicissimae
2224 1824 2357 1898 Viri

415 1937 830 2010 celeberrimi,
867 1937 951 2003 ad
987 1962 1088 2005 me
1129 1942 1370 2007 delatae
1406 1944 1583 2006 fuere
1610 1992 1627 2022 ,
1678 1940 1762 2007 ad
1796 1962 1952 2027 quas
1977 1934 2356 2027 respondere

409 2048 736 2143 sequentia
769 2050 1191 2114 necessarium
1227 2047 1416 2114 duco.
1468 2049 1768 2115 Omnium
1791 2051 2211 2137 gratissimum
2223 2049 2360 2113 fore

409 2169 690 2226 vestrum
750 2154 1091 2224 adventum
1153 2160 1496 2224 Maecenati
1536 2181 1676 2224 meo
1715 2160 2011 2246 promitto
2059 2167 2123 2221 et
2176 2179 2362 2242 spon-

411 2264 531 2333 deo
553 2318 570 2349 ,
605 2266 658 2332 si
684 2266 874 2332 modo
902 2267 1244 2355 observetis
1267 2268 1493 2332 horam
1523 2266 1717 2330 musis
1744 2258 2039 2328 amicam.
2120 2266 2363 2329 Musam

411 2373 580 2441 enim
632 2373 922 2442 studiosis
971 2376 1096 2441 suis
1148 2384 1290 2463 post
1340 2371 1671 2439 meridiem
1714 2393 2060 2459 numquam
2105 2365 2316 2437 farere
2335 2422 2354 2447 ‚

412 2485 549 2550 sine
572 2482 764 2551 dubio
792 2483 1089 2552 didicistis
1110 2507 1221 2553 vos
1249 2484 1398 2551 olim
1417 2480 1727 2550 discentes
1748 2531 1765 2557 ,
1810 2502 1979 2546 nunc
2008 2481 2204 2545 multo
2236 2502 2360 2546 me-

314 2577 322 2586 ·
416 2596 536 2659 lius
578 2581 868 2660 docentes
884 2620 902 2681 3
950 2595 1100 2662 hinc
1138 2596 1559 2663 necessarium
1602 2594 1855 2658 omnino
1900 2601 1994 2656 est
2025 2590 2361 2657 observare

418 2713 696 2804 tempus,
752 2729 980 2772 aurora
1030 2707 1198 2771 enim
1249 2728 1498 2792 semper
1544 2706 1737 2772 musis
1784 2703 1985 2768 amica
2006 2711 2124 2767 est.
2195 2701 2360 2768 Hinc

418 2813 636 2881 suadet
659 2817 984 2882 Maecenas
1013 2837 1191 2880 meus
1215 2867 1232 2896 ‚
1268 2826 1341 2882 ut
1366 2817 1630 2882 veniatis
1659 2812 1826 2882 avidi
1853 2813 2122 2878 cultores
2148 2833 2357 2876 musa-

418 2947 564 2989 rum
596 2927 946 2990 necessario
984 2936 1126 2991 ante
1148 2922 1478 2990 meridiem
1499 2977 1515 3004 ‚
1569 2923 1653 2999 ad
1675 2923 2004 2987 minimum
2026 2920 2108 2986 ad
2135 2919 2359 2985 horam

418 3030 859 3100 duodecimam
876 3086 893 3118 ‚
940 3038 1306 3124 praesertim
1332 3058 1480 3102 cum
1501 3036 1687 3101 flores
1706 3033 1917 3114 Musae
1941 3034 2005 3096 in
2028 3031 2201 3096 hisce
2233 3033 2357 3097 oris
2436 3052 2441 3056 ’

420 3144 546 3210 sint
573 3155 699 3211 tam
738 3149 916 3234 parvi
937 3201 953 3228 ‚
1003 3159 1073 3213 ut
1104 3149 1157 3214 si
1188 3149 1325 3237 quis
1348 3149 1685 3235 particulas
1708 3146 1989 3212 humoris
2013 3145 2219 3208 mellei
2241 3145 2358 3209 rite

420 3253 799 3343 distinguere
846 3261 1034 3339 velit,
1085 3261 1434 3326 necessario
1482 3258 1907 3344 microseopiis
1946 3256 2357 3322 selectissimis

416 3364 554 3451 ipso
588 3363 688 3430 die
706 3368 1051 3435 meridiano
1077 3372 1414 3436 instructus
1433 3372 1583 3456 erit3
1621 3379 1762 3457 post
1780 3368 2105 3434 meridiem
2123 3388 2357 3434 vanum

418 3477 573 3558 erit,
605 3476 792 3543 erede
823 3481 1011 3560 mihi,
1048 3505 1233 3547 omne
1263 3504 1593 3549 conamen.
1671 3481 1948 3550 Veniatis
1979 3481 2190 3564 itaque
2216 3487 2357 3541 ante

420 3589 745 3656 meridiem
769 3593 1100 3680 gratissimi
1129 3596 1254 3660 mei
1275 3597 1647 3662 Maecenatis
1669 3594 1944 3677 hospites
1965 3642 1981 3670 ‚
2018 3590 2358 3677 optimique

422 3704 546 3767 mei
568 3705 868 3770 fautoreS.
892 3705 1110 3772 Valete
1131 3757 1147 3783 ,
1175 3710 1435 3773 salutate
1461 3704 1816 3773 salutandos
1848 3702 2351 3791 salutandasque.

505 3993 581 4073 (*>
621 3998 933 4057 Praefectus
965 3997 1132 4058 Horti
1156 3994 1528 4092 Cliffortiani?

1720 4103 1745 4161 l
1786 4097 1819 4133 *
