<?xml version="1.0" encoding="UTF-8"?>
<!DOCTYPE html PUBLIC "-//W3C//DTD XHTML 1.0 Transitional//EN"
    "http://www.w3.org/TR/xhtml1/DTD/xhtml1-transitional.dtd">
<html xmlns="http://www.w3.org/1999/xhtml" xml:lang="en" lang="en">
 <head>
  <title>
</title>
<meta http-equiv="Content-Type" content="text/html;charset=utf-8" />
  <meta name='ocr-system' content='tesseract 3.04.00' />
  <meta name='ocr-capabilities' content='ocr_page ocr_carea ocr_par ocr_line ocrx_word'/>
</head>
<body>
  <div class='ocr_page' id='page_1' title='image "./epistolaeinedit00linngoog_0018.png"; bbox 0 0 2952 5080; ppageno 0'>
   <div class='ocr_carea' id='block_1_1' title="bbox 578 549 2491 633">
    <p class='ocr_par' dir='ltr' id='par_1_1' title="bbox 578 549 2491 633">
     <span class='ocr_line' id='line_1_1' title="bbox 578 549 2491 633; baseline -0.004 -17"><span class='ocrx_word' id='word_1_1' title='bbox 578 576 634 617; x_wconf 69' lang='lat' dir='ltr'><strong>s.</strong></span> <span class='ocrx_word' id='word_1_2' title='bbox 661 566 1005 620; x_wconf 69' lang='grc' dir='ltr'><strong>Βυιιωιιο·</strong></span> <span class='ocrx_word' id='word_1_3' title='bbox 1340 630 1343 633; x_wconf 22' lang='lat'>¹</span> <span class='ocrx_word' id='word_1_4' title='bbox 1512 549 1559 613; x_wconf 75' lang='lat'><strong><em>4</em></strong></span> <span class='ocrx_word' id='word_1_5' title='bbox 2020 612 2024 616; x_wconf 72' lang='grc'><em>,</em></span> <span class='ocrx_word' id='word_1_6' title='bbox 2090 602 2098 608; x_wconf 94' lang='grc'>.</span> <span class='ocrx_word' id='word_1_7' title='bbox 2174 564 2491 608; x_wconf 67' lang='lat' dir='ltr'><strong>munaum.</strong></span> 
     </span>
    </p>
   </div>
   <div class='ocr_carea' id='block_1_2' title="bbox 573 770 2513 801">
    <p class='ocr_par' dir='ltr' id='par_1_2' title="bbox 573 770 2513 801">
     <span class='ocr_line' id='line_1_2' title="bbox 573 770 2513 801; baseline -0.001 -8"><span class='ocrx_word' id='word_1_8' title='bbox 573 770 2513 801; x_wconf 55' lang='lat' dir='ltr'><em>W</em></span> 
     </span>
    </p>
   </div>
   <div class='ocr_carea' id='block_1_3' title="bbox 661 863 2153 929">
    <p class='ocr_par' dir='ltr' id='par_1_3' title="bbox 661 863 2153 929">
     <span class='ocr_line' id='line_1_3' title="bbox 661 863 2153 929; baseline -0.004 0"><span class='ocrx_word' id='word_1_9' title='bbox 661 872 718 929; x_wconf 85' lang='lat'><strong>3.</strong></span> <span class='ocrx_word' id='word_1_10' title='bbox 930 867 1097 929; x_wconf 90' lang='lat' dir='ltr'><strong>Viro</strong></span> <span class='ocrx_word' id='word_1_11' title='bbox 1138 864 1538 925; x_wconf 75' lang='lat' dir='ltr'><strong>Clarissimo</strong></span> <span class='ocrx_word' id='word_1_12' title='bbox 1580 877 1636 924; x_wconf 88' lang='lat' dir='ltr'><strong>et</strong></span> <span class='ocrx_word' id='word_1_13' title='bbox 1676 863 2153 924; x_wconf 89' lang='lat' dir='ltr'><strong>Celeberrimo</strong></span> 
     </span>
    </p>
   </div>
   <div class='ocr_carea' id='block_1_4' title="bbox 1019 1002 2047 1174">
    <p class='ocr_par' dir='ltr' id='par_1_4' title="bbox 1019 1002 2047 1174">
     <span class='ocr_line' id='line_1_4' title="bbox 1019 1002 2047 1073; baseline 0.001 -13"><span class='ocrx_word' id='word_1_14' title='bbox 1019 1007 1093 1060; x_wconf 89' lang='lat' dir='ltr'><strong>D.</strong></span> <span class='ocrx_word' id='word_1_15' title='bbox 1142 1007 1216 1060; x_wconf 89' lang='lat' dir='ltr'><strong>D.</strong></span> <span class='ocrx_word' id='word_1_16' title='bbox 1267 1004 1542 1063; x_wconf 66' lang='lat' dir='ltr'><strong>113le</strong></span> <span class='ocrx_word' id='word_1_17' title='bbox 1588 1002 2047 1073; x_wconf 75' lang='grc' dir='ltr'><strong>ΒΗΒΜΑΝΝΟ,</strong></span> 
     </span>
     <span class='ocr_line' id='line_1_5' title="bbox 1443 1113 1626 1174; baseline -0.005 0"><span class='ocrx_word' id='word_1_18' title='bbox 1443 1113 1504 1174; x_wconf 90' lang='lat' dir='ltr'><strong>S.</strong></span> <span class='ocrx_word' id='word_1_19' title='bbox 1551 1115 1626 1173; x_wconf 91' lang='lat' dir='ltr'><strong>D.</strong></span> 
     </span>
    </p>
   </div>
   <div class='ocr_carea' id='block_1_5' title="bbox 1324 1269 1727 1450">
    <p class='ocr_par' dir='ltr' id='par_1_5' title="bbox 1324 1269 1727 1450">
     <span class='ocr_line' id='line_1_6' title="bbox 1429 1269 1621 1324; baseline 0 -1"><span class='ocrx_word' id='word_1_20' title='bbox 1429 1269 1621 1324; x_wconf 76' lang='lat' dir='ltr'>CARI,</span> 
     </span>
     <span class='ocr_line' id='line_1_7' title="bbox 1324 1393 1727 1450; baseline -0.002 -2"><span class='ocrx_word' id='word_1_21' title='bbox 1324 1393 1727 1450; x_wconf 80' lang='lat' dir='ltr'><strong>LINNAEUS.</strong></span> 
     </span>
    </p>
   </div>
   <div class='ocr_carea' id='block_1_6' title="bbox 567 1503 2509 2508">
    <p class='ocr_par' dir='ltr' id='par_1_6' title="bbox 572 1503 2502 1850">
     <span class='ocr_line' id='line_1_8' title="bbox 574 1503 2500 1635; baseline 0.001 -30"><span class='ocrx_word' id='word_1_22' title='bbox 574 1503 692 1605; x_wconf 82' lang='lat' dir='ltr'><strong>Ut</strong></span> <span class='ocrx_word' id='word_1_23' title='bbox 730 1563 832 1606; x_wconf 93' lang='lat' dir='ltr'><strong>me</strong></span> <span class='ocrx_word' id='word_1_24' title='bbox 870 1539 1239 1627; x_wconf 81' lang='lat' dir='ltr'><strong>subjicerem</strong></span> <span class='ocrx_word' id='word_1_25' title='bbox 1291 1542 1469 1606; x_wconf 82' lang='lat' dir='ltr'><strong>nutui</strong></span> <span class='ocrx_word' id='word_1_26' title='bbox 1511 1544 1675 1635; x_wconf 89' lang='lat' dir='ltr'><strong>Tuo,</strong></span> <span class='ocrx_word' id='word_1_27' title='bbox 1731 1540 2031 1615; x_wconf 88' lang='lat' dir='ltr'><strong>editorem</strong></span> <span class='ocrx_word' id='word_1_28' title='bbox 2076 1542 2297 1606; x_wconf 83' lang='lat' dir='ltr'>Florae</span> <span class='ocrx_word' id='word_1_29' title='bbox 2328 1562 2500 1606; x_wconf 91' lang='lat' dir='ltr'><strong>meae</strong></span> 
     </span>
     <span class='ocr_line' id='line_1_9' title="bbox 573 1652 2502 1751; baseline -0.001 -34"><span class='ocrx_word' id='word_1_30' title='bbox 573 1652 965 1739; x_wconf 90' lang='lat' dir='ltr'><strong>Lapponicae</strong></span> <span class='ocrx_word' id='word_1_31' title='bbox 996 1673 1333 1751; x_wconf 78' lang='lat' dir='ltr'>agnoscere</span> <span class='ocrx_word' id='word_1_32' title='bbox 1356 1654 1615 1749; x_wconf 84' lang='lat' dir='ltr'><strong>vellem,</strong></span> <span class='ocrx_word' id='word_1_33' title='bbox 1656 1673 2098 1739; x_wconf 79' lang='lat' dir='ltr'>quemcunque</span> <span class='ocrx_word' id='word_1_34' title='bbox 2120 1671 2502 1738; x_wconf 80' lang='lat' dir='ltr'><strong>proponeres</strong></span> 
     </span>
     <span class='ocr_line' id='line_1_10' title="bbox 572 1739 2502 1850; baseline -0.002 -21"><span class='ocrx_word' id='word_1_35' title='bbox 572 1765 932 1837; x_wconf 89' lang='lat' dir='ltr'><strong>honestum,</strong></span> <span class='ocrx_word' id='word_1_36' title='bbox 985 1763 1361 1828; x_wconf 83' lang='lat' dir='ltr'><strong>intellexisti.</strong></span> <span class='ocrx_word' id='word_1_37' title='bbox 1454 1739 1550 1828; x_wconf 88' lang='lat' dir='ltr'><strong>Tu</strong></span> <span class='ocrx_word' id='word_1_38' title='bbox 1594 1764 1972 1850; x_wconf 80' lang='lat' dir='ltr'><strong>proposuisti</strong></span> <span class='ocrx_word' id='word_1_39' title='bbox 2018 1762 2099 1827; x_wconf 88' lang='lat' dir='ltr'><strong>D.</strong></span> <span class='ocrx_word' id='word_1_40' title='bbox 2156 1763 2502 1839; x_wconf 90' lang='lat' dir='ltr'><strong>Schouten‚</strong></span> 
     </span>
    </p>

    <p class='ocr_par' dir='ltr' id='par_1_7' title="bbox 567 1854 2509 2508">
     <span class='ocr_line' id='line_1_11' title="bbox 573 1854 2509 1961; baseline -0.001 -23"><span class='ocrx_word' id='word_1_41' title='bbox 573 1895 762 1960; x_wconf 91' lang='lat' dir='ltr'><strong>quem</strong></span> <span class='ocrx_word' id='word_1_42' title='bbox 803 1874 956 1938; x_wconf 86' lang='lat' dir='ltr'><strong>mihi</strong></span> <span class='ocrx_word' id='word_1_43' title='bbox 999 1883 1181 1940; x_wconf 88' lang='lat' dir='ltr'><strong>antea</strong></span> <span class='ocrx_word' id='word_1_44' title='bbox 1221 1866 1470 1961; x_wconf 88' lang='lat' dir='ltr'><strong>placere</strong></span> <span class='ocrx_word' id='word_1_45' title='bbox 1520 1876 1726 1940; x_wconf 88' lang='lat' dir='ltr'><strong>minus</strong></span> <span class='ocrx_word' id='word_1_46' title='bbox 1773 1874 1974 1960; x_wconf 89' lang='lat' dir='ltr'><strong>probe</strong></span> <span class='ocrx_word' id='word_1_47' title='bbox 1999 1854 2393 1952; x_wconf 83' lang='lat' dir='ltr'><strong>intellexisti,</strong></span> <span class='ocrx_word' id='word_1_48' title='bbox 2446 1883 2509 1937; x_wconf 91' lang='lat' dir='ltr'><strong>et</strong></span> 
     </span>
     <span class='ocr_line' id='line_1_12' title="bbox 572 1981 2508 2071; baseline -0.001 -24"><span class='ocrx_word' id='word_1_49' title='bbox 572 2005 760 2070; x_wconf 89' lang='lat' dir='ltr'><strong>quem</strong></span> <span class='ocrx_word' id='word_1_50' title='bbox 783 2005 899 2071; x_wconf 86' lang='lat' dir='ltr'><strong>ego</strong></span> <span class='ocrx_word' id='word_1_51' title='bbox 929 2006 1274 2070; x_wconf 82' lang='lat' dir='ltr'>numquam</span> <span class='ocrx_word' id='word_1_52' title='bbox 1296 1985 1724 2048; x_wconf 90' lang='lat' dir='ltr'><strong>assumsissem</strong></span> <span class='ocrx_word' id='word_1_53' title='bbox 1741 2033 1757 2061; x_wconf 94' lang='lat'><strong>,</strong></span> <span class='ocrx_word' id='word_1_54' title='bbox 1795 1984 1915 2046; x_wconf 91' lang='lat' dir='ltr'><strong>nisi</strong></span> <span class='ocrx_word' id='word_1_55' title='bbox 1939 1982 2077 2046; x_wconf 89' lang='lat' dir='ltr'><strong>Tibi</strong></span> <span class='ocrx_word' id='word_1_56' title='bbox 2100 1983 2347 2066; x_wconf 87' lang='lat' dir='ltr'><strong>placere</strong></span> <span class='ocrx_word' id='word_1_57' title='bbox 2376 1981 2508 2045; x_wconf 90' lang='lat' dir='ltr'><strong>uni·</strong></span> 
     </span>
     <span class='ocr_line' id='line_1_13' title="bbox 570 2086 2509 2180; baseline -0.001 -21"><span class='ocrx_word' id='word_1_58' title='bbox 570 2094 939 2161; x_wconf 79' lang='lat' dir='ltr'><strong>ce&#39;intentus</strong></span> <span class='ocrx_word' id='word_1_59' title='bbox 966 2095 1245 2159; x_wconf 85' lang='lat' dir='ltr'><strong>fuissem.</strong></span> <span class='ocrx_word' id='word_1_60' title='bbox 1318 2095 1476 2158; x_wconf 89' lang='lat' dir='ltr'><strong>Nam</strong></span> <span class='ocrx_word' id='word_1_61' title='bbox 1508 2091 1680 2180; x_wconf 88' lang='lat' dir='ltr'><strong>quod</strong></span> <span class='ocrx_word' id='word_1_62' title='bbox 1702 2086 1805 2157; x_wconf 82' lang='lat' dir='ltr'><strong>alii</strong></span> <span class='ocrx_word' id='word_1_63' title='bbox 1836 2091 2126 2157; x_wconf 79' lang='lat' dir='ltr'><strong>dicebant</strong></span> <span class='ocrx_word' id='word_1_64' title='bbox 2154 2114 2256 2156; x_wconf 92' lang='lat' dir='ltr'><strong>me</strong></span> <span class='ocrx_word' id='word_1_65' title='bbox 2279 2091 2509 2157; x_wconf 90' lang='lat' dir='ltr'><strong>debere</strong></span> 
     </span>
     <span class='ocr_line' id='line_1_14' title="bbox 568 2202 2507 2288; baseline -0.001 -20"><span class='ocrx_word' id='word_1_66' title='bbox 568 2224 884 2269; x_wconf 84' lang='lat' dir='ltr'><strong>assumere</strong></span> <span class='ocrx_word' id='word_1_67' title='bbox 918 2205 1107 2271; x_wconf 89' lang='lat' dir='ltr'><strong>istum</strong></span> <span class='ocrx_word' id='word_1_68' title='bbox 1121 2254 1137 2282; x_wconf 93' lang='lat'><strong>,</strong></span> <span class='ocrx_word' id='word_1_69' title='bbox 1188 2225 1377 2287; x_wconf 89' lang='lat' dir='ltr'><strong>quem</strong></span> <span class='ocrx_word' id='word_1_70' title='bbox 1412 2205 1504 2264; x_wconf 92' lang='lat' dir='ltr'><strong>illi</strong></span> <span class='ocrx_word' id='word_1_71' title='bbox 1531 2223 1915 2288; x_wconf 89' lang='lat' dir='ltr'><strong>proposuere</strong></span> <span class='ocrx_word' id='word_1_72' title='bbox 1936 2252 1953 2281; x_wconf 93' lang='lat'><strong>,</strong></span> <span class='ocrx_word' id='word_1_73' title='bbox 1996 2211 2129 2267; x_wconf 88' lang='lat' dir='ltr'><strong>erat</strong></span> <span class='ocrx_word' id='word_1_74' title='bbox 2153 2202 2306 2271; x_wconf 75' lang='lat' dir='ltr'><strong>mih‘i</strong></span> <span class='ocrx_word' id='word_1_75' title='bbox 2334 2204 2507 2266; x_wconf 90' lang='lat' dir='ltr'><strong>lusus</strong></span> 
     </span>
     <span class='ocr_line' id='line_1_15' title="bbox 567 2308 2509 2399; baseline 0.001 -24"><span class='ocrx_word' id='word_1_76' title='bbox 567 2313 823 2398; x_wconf 82' lang='lat' dir='ltr'><strong>puerilis</strong></span> <span class='ocrx_word' id='word_1_77' title='bbox 859 2319 921 2372; x_wconf 92' lang='lat' dir='ltr'><strong>et</strong></span> <span class='ocrx_word' id='word_1_78' title='bbox 949 2311 1147 2374; x_wconf 89' lang='lat' dir='ltr'><strong>doctis</strong></span> <span class='ocrx_word' id='word_1_79' title='bbox 1173 2311 1323 2375; x_wconf 88' lang='lat' dir='ltr'><strong>viris</strong></span> <span class='ocrx_word' id='word_1_80' title='bbox 1351 2308 1666 2398; x_wconf 63' lang='lat' dir='ltr'><strong>indignus».</strong></span> <span class='ocrx_word' id='word_1_81' title='bbox 1745 2312 1996 2393; x_wconf 85' lang='lat' dir='ltr'><strong>Quaeso</strong></span> <span class='ocrx_word' id='word_1_82' title='bbox 2035 2314 2243 2399; x_wconf 87' lang='lat' dir='ltr'><strong>itaque</strong></span> <span class='ocrx_word' id='word_1_83' title='bbox 2267 2313 2424 2377; x_wconf 88' lang='lat' dir='ltr'><strong>scias</strong></span> <span class='ocrx_word' id='word_1_84' title='bbox 2447 2323 2509 2377; x_wconf 92' lang='lat' dir='ltr'><strong>et</strong></span> 
     </span>
     <span class='ocr_line' id='line_1_16' title="bbox 571 2422 2509 2508; baseline 0.002 -24"><span class='ocrx_word' id='word_1_85' title='bbox 571 2430 702 2485; x_wconf 84' lang='lat' dir='ltr'><strong>esto</strong></span> <span class='ocrx_word' id='word_1_86' title='bbox 732 2440 1068 2505; x_wconf 85' lang='lat' dir='ltr'><strong>persuasus</strong></span> <span class='ocrx_word' id='word_1_87' title='bbox 1109 2442 1209 2483; x_wconf 90' lang='lat' dir='ltr'><strong>me</strong></span> <span class='ocrx_word' id='word_1_88' title='bbox 1241 2422 1445 2485; x_wconf 91' lang='lat' dir='ltr'><strong>Tuum</strong></span> <span class='ocrx_word' id='word_1_89' title='bbox 1475 2443 1722 2508; x_wconf 90' lang='lat' dir='ltr'><strong>semper</strong></span> <span class='ocrx_word' id='word_1_90' title='bbox 1742 2424 1877 2488; x_wconf 89' lang='lat' dir='ltr'><strong>fore</strong></span> <span class='ocrx_word' id='word_1_91' title='bbox 1909 2422 2062 2488; x_wconf 91' lang='lat' dir='ltr'><strong>dum</strong></span> <span class='ocrx_word' id='word_1_92' title='bbox 2090 2424 2303 2489; x_wconf 84' lang='lat' dir='ltr'><strong>vixero</strong></span> <span class='ocrx_word' id='word_1_93' title='bbox 2325 2473 2341 2501; x_wconf 90' lang='lat'>‚</span> <span class='ocrx_word' id='word_1_94' title='bbox 2391 2445 2509 2488; x_wconf 90' lang='lat' dir='ltr'><strong>nec</strong></span> 
     </span>
    </p>
   </div>
   <div class='ocr_carea' id='block_1_7' title="bbox 570 2530 2621 2618">
    <p class='ocr_par' dir='ltr' id='par_1_8' title="bbox 570 2530 2621 2618">
     <span class='ocr_line' id='line_1_17' title="bbox 570 2530 2621 2618; baseline 0.001 -22"><span class='ocrx_word' id='word_1_95' title='bbox 570 2532 855 2618; x_wconf 91' lang='lat' dir='ltr'><strong>imponas</strong></span> <span class='ocrx_word' id='word_1_96' title='bbox 913 2530 1190 2595; x_wconf 88' lang='lat' dir='ltr'><strong>humeris</strong></span> <span class='ocrx_word' id='word_1_97' title='bbox 1240 2533 1393 2595; x_wconf 91' lang='lat' dir='ltr'><strong>meis</strong></span> <span class='ocrx_word' id='word_1_98' title='bbox 1449 2554 1609 2618; x_wconf 89' lang='lat' dir='ltr'><strong>quae</strong></span> <span class='ocrx_word' id='word_1_99' title='bbox 1651 2533 1815 2598; x_wconf 91' lang='lat' dir='ltr'><strong>ferre</strong></span> <span class='ocrx_word' id='word_1_100' title='bbox 1856 2556 1986 2601; x_wconf 89' lang='lat' dir='ltr'><strong>non</strong></span> <span class='ocrx_word' id='word_1_101' title='bbox 2028 2533 2325 2600; x_wconf 87' lang='lat' dir='ltr'><strong>sustineo.</strong></span> <span class='ocrx_word' id='word_1_102' title='bbox 2400 2535 2515 2598; x_wconf 81' lang='lat' dir='ltr'>D¹¹³</span> <span class='ocrx_word' id='word_1_103' title='bbox 2613 2570 2621 2579; x_wconf 94' lang='lat'><strong>·</strong></span> 
     </span>
    </p>
   </div>
   <div class='ocr_carea' id='block_1_8' title="bbox 488 2639 2574 4064">
    <p class='ocr_par' dir='ltr' id='par_1_9' title="bbox 488 2639 2574 4064">
     <span class='ocr_line' id='line_1_18' title="bbox 573 2639 2517 2726; baseline 0.002 -22"><span class='ocrx_word' id='word_1_104' title='bbox 573 2642 888 2705; x_wconf 90' lang='lat' dir='ltr'><strong>Schouten</strong></span> <span class='ocrx_word' id='word_1_105' title='bbox 919 2639 1211 2726; x_wconf 88' lang='lat' dir='ltr'><strong>promisit</strong></span> <span class='ocrx_word' id='word_1_106' title='bbox 1253 2663 1319 2704; x_wconf 91' lang='lat' dir='ltr'><strong>se</strong></span> <span class='ocrx_word' id='word_1_107' title='bbox 1366 2643 1574 2706; x_wconf 89' lang='lat' dir='ltr'><strong>omnia</strong></span> <span class='ocrx_word' id='word_1_108' title='bbox 1609 2642 1868 2706; x_wconf 91' lang='lat' dir='ltr'><strong>honeste</strong></span> <span class='ocrx_word' id='word_1_109' title='bbox 1909 2653 2195 2708; x_wconf 85' lang='lat' dir='ltr'><strong>acturum</strong></span> <span class='ocrx_word' id='word_1_110' title='bbox 2224 2645 2359 2707; x_wconf 83' lang='lat' dir='ltr'><strong>fore</strong></span> <span class='ocrx_word' id='word_1_111' title='bbox 2378 2694 2395 2723; x_wconf 94' lang='lat'><strong>,</strong></span> <span class='ocrx_word' id='word_1_112' title='bbox 2453 2653 2517 2708; x_wconf 90' lang='lat' dir='ltr'><strong>et</strong></span> 
     </span>
     <span class='ocr_line' id='line_1_19' title="bbox 573 2731 2515 2838; baseline 0.002 -26"><span class='ocrx_word' id='word_1_113' title='bbox 573 2731 720 2814; x_wconf 85' lang='lat' dir='ltr'><strong>eum</strong></span> <span class='ocrx_word' id='word_1_114' title='bbox 745 2746 1080 2824; x_wconf 79' lang='lat' dir='ltr'><strong>credebam</strong></span> <span class='ocrx_word' id='word_1_115' title='bbox 1105 2770 1233 2814; x_wconf 88' lang='lat' dir='ltr'><strong>non</strong></span> <span class='ocrx_word' id='word_1_116' title='bbox 1255 2749 1337 2814; x_wconf 92' lang='lat' dir='ltr'><strong>ab</strong></span> <span class='ocrx_word' id='word_1_117' title='bbox 1362 2751 1555 2836; x_wconf 89' lang='lat' dir='ltr'><strong>ipsius</strong></span> <span class='ocrx_word' id='word_1_118' title='bbox 1575 2773 1683 2815; x_wconf 92' lang='lat' dir='ltr'><strong>ore</strong></span> <span class='ocrx_word' id='word_1_119' title='bbox 1702 2802 1718 2830; x_wconf 90' lang='lat'>‚</span> <span class='ocrx_word' id='word_1_120' title='bbox 1750 2749 1862 2815; x_wconf 87' lang='lat' dir='ltr'><strong>sed</strong></span> <span class='ocrx_word' id='word_1_121' title='bbox 1885 2760 1944 2815; x_wconf 88' lang='lat' dir='ltr'><strong>te</strong></span> <span class='ocrx_word' id='word_1_122' title='bbox 1962 2749 2328 2838; x_wconf 86' lang='lat' dir='ltr'><strong>spondente.</strong></span> <span class='ocrx_word' id='word_1_123' title='bbox 2360 2753 2515 2816; x_wconf 90' lang='lat' dir='ltr'><strong>Pro-</strong></span> 
     </span>
     <span class='ocr_line' id='line_1_20' title="bbox 575 2861 2516 2950; baseline 0.001 -24"><span class='ocrx_word' id='word_1_124' title='bbox 575 2861 907 2926; x_wconf 79' lang='lat' dir='ltr'><strong>crasfinata</strong></span> <span class='ocrx_word' id='word_1_125' title='bbox 924 2870 1131 2948; x_wconf 87' lang='lat' dir='ltr'><strong>tamen</strong></span> <span class='ocrx_word' id='word_1_126' title='bbox 1150 2863 1267 2926; x_wconf 86' lang='lat' dir='ltr'><strong>fuit</strong></span> <span class='ocrx_word' id='word_1_127' title='bbox 1283 2861 1471 2928; x_wconf 76' lang='lat' dir='ltr'><strong>editio</strong></span> <span class='ocrx_word' id='word_1_128' title='bbox 1490 2864 1807 2950; x_wconf 88' lang='lat' dir='ltr'><strong>intempus</strong></span> <span class='ocrx_word' id='word_1_129' title='bbox 1822 2865 2149 2949; x_wconf 84' lang='lat' dir='ltr'><strong>paschatos</strong></span> <span class='ocrx_word' id='word_1_130' title='bbox 2165 2911 2183 2936; x_wconf 92' lang='lat'><strong>,</strong></span> <span class='ocrx_word' id='word_1_131' title='bbox 2209 2872 2270 2926; x_wconf 91' lang='lat' dir='ltr'><strong>et</strong></span> <span class='ocrx_word' id='word_1_132' title='bbox 2285 2864 2516 2948; x_wconf 89' lang='lat' dir='ltr'><strong>Schou-</strong></span> 
     </span>
     <span class='ocr_line' id='line_1_21' title="bbox 575 2972 2507 3062; baseline 0 -26"><span class='ocrx_word' id='word_1_133' title='bbox 575 2980 681 3036; x_wconf 91' lang='lat' dir='ltr'><strong>ten</strong></span> <span class='ocrx_word' id='word_1_134' title='bbox 726 2972 1009 3062; x_wconf 87' lang='lat' dir='ltr'><strong>promisit</strong></span> <span class='ocrx_word' id='word_1_135' title='bbox 1053 2993 1118 3035; x_wconf 91' lang='lat' dir='ltr'><strong>se</strong></span> <span class='ocrx_word' id='word_1_136' title='bbox 1169 2983 1680 3059; x_wconf 88' lang='lat' dir='ltr'><strong>comparaturum</strong></span> <span class='ocrx_word' id='word_1_137' title='bbox 1704 2974 2160 3059; x_wconf 83' lang='lat' dir='ltr'><strong>typographum</strong></span> <span class='ocrx_word' id='word_1_138' title='bbox 2183 2972 2507 3061; x_wconf 82' lang='lat' dir='ltr'><strong>Lugduni,</strong></span> 
     </span>
     <span class='ocr_line' id='line_1_22' title="bbox 576 3082 2509 3171; baseline 0.001 -27"><span class='ocrx_word' id='word_1_139' title='bbox 576 3089 753 3145; x_wconf 84' lang='lat' dir='ltr'><strong>extra</strong></span> <span class='ocrx_word' id='word_1_140' title='bbox 794 3102 984 3166; x_wconf 92' lang='lat' dir='ltr'><strong>quam</strong></span> <span class='ocrx_word' id='word_1_141' title='bbox 1022 3083 1264 3147; x_wconf 90' lang='lat' dir='ltr'><strong>nullum</strong></span> <span class='ocrx_word' id='word_1_142' title='bbox 1295 3104 1732 3171; x_wconf 83' lang='lat' dir='ltr'><strong>agnoscerem,</strong></span> <span class='ocrx_word' id='word_1_143' title='bbox 1781 3103 1898 3146; x_wconf 89' lang='lat' dir='ltr'><strong>nec</strong></span> <span class='ocrx_word' id='word_1_144' title='bbox 1921 3093 2128 3146; x_wconf 85' lang='lat' dir='ltr'><strong>tamen</strong></span> <span class='ocrx_word' id='word_1_145' title='bbox 2159 3093 2299 3146; x_wconf 90' lang='lat' dir='ltr'><strong>ante</strong></span> <span class='ocrx_word' id='word_1_146' title='bbox 2324 3082 2509 3146; x_wconf 84' lang='lat' dir='ltr'><strong>ferias</strong></span> 
     </span>
     <span class='ocr_line' id='line_1_23' title="bbox 576 3189 2512 3279; baseline 0 -23"><span class='ocrx_word' id='word_1_147' title='bbox 576 3189 658 3256; x_wconf 15' lang='lat' dir='ltr'><strong>Vde</strong></span> <span class='ocrx_word' id='word_1_148' title='bbox 680 3192 801 3256; x_wconf 87' lang='lat' dir='ltr'><strong>hac</strong></span> <span class='ocrx_word' id='word_1_149' title='bbox 824 3213 893 3255; x_wconf 93' lang='lat' dir='ltr'><strong>re</strong></span> <span class='ocrx_word' id='word_1_150' title='bbox 920 3193 1213 3257; x_wconf 89' lang='lat' dir='ltr'><strong>sollicitus</strong></span> <span class='ocrx_word' id='word_1_151' title='bbox 1236 3195 1376 3258; x_wconf 89' lang='lat' dir='ltr'><strong>fuit.</strong></span> <span class='ocrx_word' id='word_1_152' title='bbox 1443 3196 1542 3258; x_wconf 85' lang='lat' dir='ltr'><strong>Me</strong></span> <span class='ocrx_word' id='word_1_153' title='bbox 1564 3195 1775 3279; x_wconf 88' lang='lat' dir='ltr'><strong>itaque</strong></span> <span class='ocrx_word' id='word_1_154' title='bbox 1794 3192 2060 3257; x_wconf 87' lang='lat' dir='ltr'><strong>abeunte</strong></span> <span class='ocrx_word' id='word_1_155' title='bbox 2090 3193 2155 3255; x_wconf 92' lang='lat' dir='ltr'><strong>in</strong></span> <span class='ocrx_word' id='word_1_156' title='bbox 2184 3191 2512 3279; x_wconf 78' lang='lat' dir='ltr'><strong>praedium</strong></span> 
     </span>
     <span class='ocr_line' id='line_1_24' title="bbox 577 3285 2517 3396; baseline 0.002 -32"><span class='ocrx_word' id='word_1_157' title='bbox 577 3299 685 3364; x_wconf 86' lang='lat' dir='ltr'><strong>D¹¹i</strong></span> <span class='ocrx_word' id='word_1_158' title='bbox 727 3301 965 3368; x_wconf 87' lang='lat' dir='ltr'><strong>Cliffort</strong></span> <span class='ocrx_word' id='word_1_159' title='bbox 1006 3301 1174 3370; x_wconf 82' lang='lat' dir='ltr'><strong>adivi</strong></span> <span class='ocrx_word' id='word_1_160' title='bbox 1216 3307 1348 3369; x_wconf 76' lang='lat' dir='ltr'><strong>Dmn</strong></span> <span class='ocrx_word' id='word_1_161' title='bbox 1385 3285 1703 3370; x_wconf 73' lang='lat' dir='ltr'><strong>Schouten</strong></span> <span class='ocrx_word' id='word_1_162' title='bbox 1741 3315 1803 3369; x_wconf 90' lang='lat' dir='ltr'><strong>et</strong></span> <span class='ocrx_word' id='word_1_163' title='bbox 1844 3304 2023 3368; x_wconf 85' lang='lat' dir='ltr'><strong>enixe</strong></span> <span class='ocrx_word' id='word_1_164' title='bbox 2046 3305 2261 3393; x_wconf 86' lang='lat' dir='ltr'><strong>rogavi</strong></span> <span class='ocrx_word' id='word_1_165' title='bbox 2280 3354 2296 3384; x_wconf 90' lang='lat'><strong>,</strong></span> <span class='ocrx_word' id='word_1_166' title='bbox 2341 3303 2517 3396; x_wconf 84' lang='lat' dir='ltr'><strong>quod</strong></span> 
     </span>
     <span class='ocr_line' id='line_1_25' title="bbox 580 3417 2515 3506; baseline 0 -27"><span class='ocrx_word' id='word_1_167' title='bbox 580 3434 771 3499; x_wconf 89' lang='lat' dir='ltr'><strong>quam</strong></span> <span class='ocrx_word' id='word_1_168' title='bbox 798 3417 1073 3503; x_wconf 90' lang='lat' dir='ltr'><strong>primum</strong></span> <span class='ocrx_word' id='word_1_169' title='bbox 1103 3439 1248 3482; x_wconf 90' lang='lat' dir='ltr'><strong>cum</strong></span> <span class='ocrx_word' id='word_1_170' title='bbox 1271 3417 1657 3505; x_wconf 85' lang='lat' dir='ltr'><strong>typographo</strong></span> <span class='ocrx_word' id='word_1_171' title='bbox 1686 3417 2047 3483; x_wconf 86' lang='lat' dir='ltr'><strong>conveniret</strong></span> <span class='ocrx_word' id='word_1_172' title='bbox 2073 3417 2399 3506; x_wconf 86' lang='lat' dir='ltr'><strong>Lugduni,</strong></span> <span class='ocrx_word' id='word_1_173' title='bbox 2445 3426 2515 3480; x_wconf 91' lang='lat' dir='ltr'><strong>ut</strong></span> 
     </span>
     <span class='ocr_line' id='line_1_26' title="bbox 580 3522 2511 3615; baseline 0.001 -29"><span class='ocrx_word' id='word_1_174' title='bbox 580 3522 663 3587; x_wconf 90' lang='lat' dir='ltr'><strong>ad</strong></span> <span class='ocrx_word' id='word_1_175' title='bbox 691 3546 792 3589; x_wconf 92' lang='lat' dir='ltr'><strong>me</strong></span> <span class='ocrx_word' id='word_1_176' title='bbox 814 3536 957 3612; x_wconf 91' lang='lat' dir='ltr'><strong>post</strong></span> <span class='ocrx_word' id='word_1_177' title='bbox 985 3524 1144 3593; x_wconf 94' lang='lat' dir='ltr'><strong>duos</strong></span> <span class='ocrx_word' id='word_1_178' title='bbox 1174 3536 1377 3593; x_wconf 83' lang='lat' dir='ltr'><strong>tresve</strong></span> <span class='ocrx_word' id='word_1_179' title='bbox 1409 3525 1542 3591; x_wconf 91' lang='lat' dir='ltr'><strong>dies</strong></span> <span class='ocrx_word' id='word_1_180' title='bbox 1566 3528 1839 3592; x_wconf 89' lang='lat' dir='ltr'><strong>scribere</strong></span> <span class='ocrx_word' id='word_1_181' title='bbox 1863 3529 2094 3615; x_wconf 88' lang='lat' dir='ltr'><strong>possit,</strong></span> <span class='ocrx_word' id='word_1_182' title='bbox 2130 3537 2192 3592; x_wconf 90' lang='lat' dir='ltr'><strong>et</strong></span> <span class='ocrx_word' id='word_1_183' title='bbox 2212 3548 2328 3613; x_wconf 89' lang='lat' dir='ltr'><strong>ego</strong></span> <span class='ocrx_word' id='word_1_184' title='bbox 2351 3527 2511 3612; x_wconf 85' lang='lat' dir='ltr'><strong>Lug·</strong></span> 
     </span>
     <span class='ocr_line' id='line_1_27' title="bbox 582 3629 2514 3724; baseline 0.002 -29"><span class='ocrx_word' id='word_1_185' title='bbox 582 3629 823 3696; x_wconf 91' lang='lat' dir='ltr'><strong>dunum</strong></span> <span class='ocrx_word' id='word_1_186' title='bbox 872 3645 1149 3721; x_wconf 90' lang='lat' dir='ltr'><strong>peterem</strong></span> <span class='ocrx_word' id='word_1_187' title='bbox 1168 3687 1185 3716; x_wconf 87' lang='lat'><strong>,</strong></span> <span class='ocrx_word' id='word_1_188' title='bbox 1242 3635 1330 3700; x_wconf 92' lang='lat' dir='ltr'><strong>ibi</strong></span> <span class='ocrx_word' id='word_1_189' title='bbox 1378 3658 1592 3701; x_wconf 92' lang='lat' dir='ltr'><strong>meum</strong></span> <span class='ocrx_word' id='word_1_190' title='bbox 1642 3639 2135 3724; x_wconf 89' lang='lat' dir='ltr'><strong>manuscriptum</strong></span> <span class='ocrx_word' id='word_1_191' title='bbox 2177 3635 2514 3700; x_wconf 90' lang='lat' dir='ltr'><strong>correctori</strong></span> 
     </span>
     <span class='ocr_line' id='line_1_28' title="bbox 580 3729 2574 3835; baseline 0.002 -31"><span class='ocrx_word' id='word_1_192' title='bbox 580 3739 930 3826; x_wconf 87' lang='lat' dir='ltr'><strong>traderem;</strong></span> <span class='ocrx_word' id='word_1_193' title='bbox 979 3746 1300 3830; x_wconf 89' lang='lat' dir='ltr'><strong>epistolam</strong></span> <span class='ocrx_word' id='word_1_194' title='bbox 1347 3748 1556 3833; x_wconf 88' lang='lat' dir='ltr'><strong>itaque</strong></span> <span class='ocrx_word' id='word_1_195' title='bbox 1602 3749 1833 3815; x_wconf 85' lang='lat' dir='ltr'><strong>frustra</strong></span> <span class='ocrx_word' id='word_1_196' title='bbox 1875 3746 2225 3835; x_wconf 81' lang='lat' dir='ltr'><strong>exspectavi</strong></span> <span class='ocrx_word' id='word_1_197' title='bbox 2258 3766 2373 3831; x_wconf 91' lang='lat' dir='ltr'><strong>per</strong></span> <span class='ocrx_word' id='word_1_198' title='bbox 2409 3766 2518 3809; x_wconf 85' lang='lat' dir='ltr'><strong>sex</strong></span> <span class='ocrx_word' id='word_1_199' title='bbox 2557 3729 2574 3830; x_wconf 6' lang='grc' dir='ltr'><strong>η’</strong></span> 
     </span>
     <span class='ocr_line' id='line_1_29' title="bbox 584 3849 2516 3947; baseline 0.003 -32"><span class='ocrx_word' id='word_1_200' title='bbox 584 3849 716 3915; x_wconf 92' lang='lat' dir='ltr'><strong>dies</strong></span> <span class='ocrx_word' id='word_1_201' title='bbox 733 3903 749 3931; x_wconf 91' lang='lat'>‚</span> <span class='ocrx_word' id='word_1_202' title='bbox 802 3863 936 3918; x_wconf 90' lang='lat' dir='ltr'><strong>tum</strong></span> <span class='ocrx_word' id='word_1_203' title='bbox 999 3864 1248 3920; x_wconf 90' lang='lat' dir='ltr'><strong>coactus</strong></span> <span class='ocrx_word' id='word_1_204' title='bbox 1289 3868 1500 3943; x_wconf 89' lang='lat' dir='ltr'><strong>petere</strong></span> <span class='ocrx_word' id='word_1_205' title='bbox 1541 3859 1921 3947; x_wconf 84' lang='lat' dir='ltr'><strong>Lugdunum</strong></span> <span class='ocrx_word' id='word_1_206' title='bbox 1939 3909 1956 3938; x_wconf 88' lang='lat'><strong>,</strong></span> <span class='ocrx_word' id='word_1_207' title='bbox 2011 3855 2271 3942; x_wconf 91' lang='lat' dir='ltr'><strong>deposui</strong></span> <span class='ocrx_word' id='word_1_208' title='bbox 2305 3876 2516 3922; x_wconf 90' lang='lat' dir='ltr'><strong>manu·</strong></span> 
     </span>
     <span class='ocr_line' id='line_1_30' title="bbox 488 3964 2511 4064; baseline 0.002 -40"><span class='ocrx_word' id='word_1_209' title='bbox 488 4057 491 4064; x_wconf 22' lang='lat'><strong>⁴</strong></span> <span class='ocrx_word' id='word_1_210' title='bbox 582 3964 879 4048; x_wconf 88' lang='lat' dir='ltr'><strong>scriptum</strong></span> <span class='ocrx_word' id='word_1_211' title='bbox 899 4015 914 4044; x_wconf 89' lang='lat'><strong>,</strong></span> <span class='ocrx_word' id='word_1_212' title='bbox 996 3964 1240 4030; x_wconf 78' lang='lat' dir='ltr'><strong>rediens</strong></span> <span class='ocrx_word' id='word_1_213' title='bbox 1310 3970 1794 4056; x_wconf 88' lang='lat' dir='ltr'><strong>Hartecampum</strong></span> <span class='ocrx_word' id='word_1_214' title='bbox 1842 3970 1979 4048; x_wconf 79' lang='lat' dir='ltr'><strong>misi</strong></span> <span class='ocrx_word' id='word_1_215' title='bbox 2009 3969 2253 4046; x_wconf 61' lang='lat' dir='ltr'><strong>xlitteras</strong></span> <span class='ocrx_word' id='word_1_216' title='bbox 2300 3966 2382 4032; x_wconf 89' lang='lat' dir='ltr'><strong>ad</strong></span> <span class='ocrx_word' id='word_1_217' title='bbox 2430 3968 2511 4030; x_wconf 90' lang='lat' dir='ltr'><strong>D.</strong></span> 
     </span>
    </p>
   </div>
  </div>
 </body>
</html>
