2952 5080
447 554 512 599 π.
539 556 601 599 ι.
629 552 960 599 amnuo
1338 533 1466 600 189
1643 546 1646 551 ⁴
2083 552 2375 601 osnnnost

442 760 799 825 m‘erationis
833 758 1118 845 stirpium
1138 766 1498 839 nostrarum
1524 811 1541 839 ,
1594 759 2153 826 alter·Prodromus
2186 763 2377 848 Syllo·

442 891 552 958 ges
593 868 1099 934 observationum
1135 848 1519 953 plantarum.
1599 867 1990 955 Prodi-umus¹
2010 919 2027 949 ‚
2070 871 2328 956 inquam
2353 923 2371 953 ‚

444 1000 592 1044 nam
653 999 771 1043 nec
815 966 1036 1040 itinera
1084 978 1215 1060 jam
1267 978 1552 1071 absoluta
1581 1029 1598 1058 ,
1625 1050 1631 1054 ⁴
1657 1001 1776 1044 nec
1828 979 1990 1045 vitae
2040 981 2197 1045 ratio
2240 981 2379 1067 jam

442 1110 614 1153 nunc
692 1086 992 1174 permittit
1045 1087 1369 1174 utriusque
1430 1091 1636 1176 operis
1700 1089 2185 1155 elaborationem
2229 1112 2374 1176 per-

437 1198 798 1289 fectiorem3
862 1219 940 1262 ex
987 1200 1181 1262 altera
1235 1207 1443 1263 autem
1497 1209 1673 1285 parte
1724 1199 2057 1285 efflagitant
2091 1211 2152 1265 et
2180 1202 2263 1264 im
2267 1222 2379 1286 pe-

438 1316 616 1373 tuose
662 1305 918 1394 quidem
942 1308 1140 1372 nostri
1169 1306 1559 1394 botanophili
1590 1311 1741 1373 tales
1760 1309 1988 1383 libros,
2048 1320 2377 1397 querentes

437 1420 692 1495 minime
715 1419 860 1483 satis
887 1418 1002 1482 sibi
1034 1420 1306 1504 prospici
1330 1421 1488 1497 solis
1520 1420 1807 1485 iconibus
1835 1471 1852 1498 ,
1905 1443 2109 1507 neque
2140 1419 2376 1486 differri

437 1528 667 1595 debere
707 1539 849 1617 post
884 1551 1100 1594 earum
1124 1531 1474 1597 absolutam
1504 1531 1761 1597 demum
1791 1531 2126 1597 editionem
2145 1583 2162 1610 ‚
2192 1534 2378 1617 plane

430 1662 680 1706 omnem
727 1639 809 1703 de
850 1662 971 1704 usu
1024 1638 1378 1732 doctrinam
1406 1691 1424 1719 ,
1487 1652 1549 1706 et
1576 1641 1656 1707 ad
1685 1642 2108 1728 agnoscendas
2131 1645 2375 1735 plantas

429 1749 848 1815 necessarium
871 1751 1241 1834 catalogum3
1269 1751 1473 1836 potius
1496 1751 1943 1837 praeferendos
1958 1775 2117 1830 esse,
2137 1752 2375 1817 etiamsi

428 1857 712 1923 nondum
765 1880 841 1923 ex
868 1860 1040 1923 omni
1079 1870 1254 1946 parte
1283 1855 1532 1927 exactos
1563 1913 1579 1941 ‚
1633 1871 1695 1927 at
1721 1872 1966 1927 mature
2004 1883 2373 1948 comparen-

429 1980 522 2036 tes
572 1971 815 2035 libellos
862 1972 1047 2037 libris
1085 1973 1564 2056 perfectioribus
1616 1995 1755 2038 sero
1798 1962 2061 2055 nimium
2118 1956 2180 2039 et
2232 1982 2374 2060 post

430 2102 546 2146 sua
573 2082 734 2146 forte
777 2081 905 2146 fata
929 2079 1191 2146 demum'
1218 2081 1503 2149 edendis,
1554 2085 1774 2169 Itaque
1797 2082 2185 2170 obsequendi
2216 2083 2373 2147 mihi

435 2192 672 2257 nolenti
700 2192 1023 2277 invitoque
1053 2192 1346 2278 imposita
1377 2201 1472 2258 est
1502 2193 1860 2259 necessitas.

521 2300 854 2388 Adjectam
903 2303 1186 2367 notitiam
1234 2300 1317 2367 de
1364 2305 1589 2370 Florae
1637 2303 1912 2368 Danicae
1940 2302 2140 2388 pretio
2169 2301 2372 2367 immi·

427 2423 625 2493 nuto,
668 2423 731 2477 et
781 2411 1052 2478 editione
1105 2406 1550 2519 properanda,
1603 2435 1762 2502 rogo
1812 2423 1883 2479 ut
1926 2412 2093 2534 apud
2136 2400 2369 2478 amicos

427 2530 567 2588 tuos
596 2530 659 2585 ct
684 2520 1054 2608 bibliopolas
1080 2514 1431 2588 monstrare
1459 2523 1642 2589 velis.

516 2634 708 2712 Vale,
763 2644 824 2697 et
870 2635 1097 2697 iterum
1140 2656 1286 2700 eum
1326 2638 1561 2721 optimo
1596 2644 1854 2722 parente
1902 2645 2010 2703 tuo
2062 2636 2204 2703 vale
2231 2686 2249 2715 ,
2304 2645 2370 2702 et

425 2744 674 2831 utrique
715 2743 872 2806 mihi
909 2742 1138 2807 favete.
2161 2739 2164 2742 ’

518 2855 783 2919 Hafniae
813 2850 876 2918 d.
903 2854 950 2918 2
978 2854 1108 2918 Jul.
1148 2852 1346 2922 1768.
