<?xml version="1.0" encoding="UTF-8"?>
<!DOCTYPE html PUBLIC "-//W3C//DTD XHTML 1.0 Transitional//EN"
    "http://www.w3.org/TR/xhtml1/DTD/xhtml1-transitional.dtd">
<html xmlns="http://www.w3.org/1999/xhtml" xml:lang="en" lang="en">
 <head>
  <title>
</title>
<meta http-equiv="Content-Type" content="text/html;charset=utf-8" />
  <meta name='ocr-system' content='tesseract 3.04.00' />
  <meta name='ocr-capabilities' content='ocr_page ocr_carea ocr_par ocr_line ocrx_word'/>
</head>
<body>
  <div class='ocr_page' id='page_1' title='image "./epistolaeinedit00linngoog_0130.png"; bbox 0 0 2952 5080; ppageno 0'>
   <div class='ocr_carea' id='block_1_1' title="bbox 588 534 2525 608">
    <p class='ocr_par' dir='ltr' id='par_1_1' title="bbox 588 534 2525 608">
     <span class='ocr_line' id='line_1_1' title="bbox 588 534 2525 608; baseline 0.004 -14"><span class='ocrx_word' id='word_1_1' title='bbox 588 555 855 601; x_wconf 63' lang='lat' dir='ltr'><strong>nmmo</strong></span> <span class='ocrx_word' id='word_1_2' title='bbox 1087 601 1094 608; x_wconf 49' lang='grc'>,</span> <span class='ocrx_word' id='word_1_3' title='bbox 1509 534 1635 597; x_wconf 86' lang='grc'><strong>116</strong></span> <span class='ocrx_word' id='word_1_4' title='bbox 1946 553 2009 595; x_wconf 74' lang='grc' dir='ltr'><strong>ιι.</strong></span> <span class='ocrx_word' id='word_1_5' title='bbox 2046 556 2106 597; x_wconf 81' lang='lat'><strong>1..</strong></span> <span class='ocrx_word' id='word_1_6' title='bbox 2134 554 2525 608; x_wconf 62' lang='lat' dir='ltr'><strong>nummus.</strong></span> 
     </span>
    </p>
   </div>
   <div class='ocr_carea' id='block_1_2' title="bbox 568 758 2528 2739">
    <p class='ocr_par' dir='ltr' id='par_1_2' title="bbox 568 758 2528 2723">
     <span class='ocr_line' id='line_1_2' title="bbox 586 758 2528 848; baseline 0.002 -24"><span class='ocrx_word' id='word_1_7' title='bbox 586 758 875 836; x_wconf 73' lang='lat' dir='ltr'><strong>redactus</strong></span> <span class='ocrx_word' id='word_1_8' title='bbox 895 812 911 839; x_wconf 88' lang='lat'>,</span> <span class='ocrx_word' id='word_1_9' title='bbox 974 783 1051 824; x_wconf 82' lang='lat' dir='ltr'><strong>ex</strong></span> <span class='ocrx_word' id='word_1_10' title='bbox 1116 784 1241 848; x_wconf 89' lang='lat' dir='ltr'><strong>qua</strong></span> <span class='ocrx_word' id='word_1_11' title='bbox 1294 782 1539 827; x_wconf 90' lang='lat' dir='ltr'><strong>summa</strong></span> <span class='ocrx_word' id='word_1_12' title='bbox 1595 759 2050 845; x_wconf 79' lang='lat' dir='ltr'><strong>omnipotentis</strong></span> <span class='ocrx_word' id='word_1_13' title='bbox 2097 759 2528 829; x_wconf 76' lang='lat' dir='ltr'><strong>benevolentia</strong></span> 
     </span>
     <span class='ocr_line' id='line_1_3' title="bbox 586 869 2525 964; baseline 0.001 -27"><span class='ocrx_word' id='word_1_14' title='bbox 586 873 691 937; x_wconf 83' lang='lat' dir='ltr'><strong>vix</strong></span> <span class='ocrx_word' id='word_1_15' title='bbox 719 872 1034 955; x_wconf 83' lang='lat' dir='ltr'><strong>restitutus</strong></span> <span class='ocrx_word' id='word_1_16' title='bbox 1057 923 1074 951; x_wconf 83' lang='lat'><strong><em>‚</em></strong></span> <span class='ocrx_word' id='word_1_17' title='bbox 1122 895 1291 938; x_wconf 84' lang='lat' dir='ltr'><strong>nune</strong></span> <span class='ocrx_word' id='word_1_18' title='bbox 1318 872 1530 937; x_wconf 87' lang='lat' dir='ltr'><strong>denuo</strong></span> <span class='ocrx_word' id='word_1_19' title='bbox 1568 870 1938 937; x_wconf 73' lang='lat' dir='ltr'><strong>reviviscere</strong></span> <span class='ocrx_word' id='word_1_20' title='bbox 1982 869 2283 964; x_wconf 71' lang='lat' dir='ltr'><strong>incipiens</strong></span> <span class='ocrx_word' id='word_1_21' title='bbox 2334 884 2396 938; x_wconf 87' lang='lat' dir='ltr'><strong>et</strong></span> <span class='ocrx_word' id='word_1_22' title='bbox 2421 895 2525 938; x_wconf 87' lang='lat' dir='ltr'><strong>ea—</strong></span> 
     </span>
     <span class='ocr_line' id='line_1_4' title="bbox 585 981 2523 1069; baseline 0.001 -24"><span class='ocrx_word' id='word_1_23' title='bbox 585 983 828 1046; x_wconf 88' lang='lat' dir='ltr'><strong>rissimo</strong></span> <span class='ocrx_word' id='word_1_24' title='bbox 878 983 1119 1068; x_wconf 87' lang='lat' dir='ltr'><strong>parenti</strong></span> <span class='ocrx_word' id='word_1_25' title='bbox 1164 984 1342 1069; x_wconf 84' lang='lat' dir='ltr'><strong>quasi</strong></span> <span class='ocrx_word' id='word_1_26' title='bbox 1355 981 1656 1049; x_wconf 83' lang='lat' dir='ltr'><strong>&#39;redditus</strong></span> <span class='ocrx_word' id='word_1_27' title='bbox 1671 1033 1689 1060; x_wconf 87' lang='lat'><em>‚</em></span> <span class='ocrx_word' id='word_1_28' title='bbox 1739 982 1900 1045; x_wconf 84' lang='lat' dir='ltr'><strong>inter</strong></span> <span class='ocrx_word' id='word_1_29' title='bbox 1930 982 2172 1066; x_wconf 86' lang='lat' dir='ltr'><strong>primas</strong></span> <span class='ocrx_word' id='word_1_30' title='bbox 2202 984 2316 1048; x_wconf 86' lang='lat' dir='ltr'><strong>has</strong></span> <span class='ocrx_word' id='word_1_31' title='bbox 2352 983 2435 1047; x_wconf 88' lang='lat' dir='ltr'><strong>ad</strong></span> <span class='ocrx_word' id='word_1_32' title='bbox 2462 994 2523 1047; x_wconf 90' lang='lat' dir='ltr'><strong>te</strong></span> 
     </span>
     <span class='ocr_line' id='line_1_5' title="bbox 585 1090 2522 1180; baseline 0.002 -26"><span class='ocrx_word' id='word_1_33' title='bbox 585 1090 735 1158; x_wconf 91' lang='lat' dir='ltr'><strong>dare</strong></span> <span class='ocrx_word' id='word_1_34' title='bbox 757 1092 1184 1158; x_wconf 62' lang='lat' dir='ltr'><strong>necessarium,</strong></span> <span class='ocrx_word' id='word_1_35' title='bbox 1203 1093 1420 1177; x_wconf 79' lang='lat' dir='ltr'><strong>puta-vi</strong></span> <span class='ocrx_word' id='word_1_36' title='bbox 1445 1102 1508 1158; x_wconf 90' lang='lat' dir='ltr'><strong>et</strong></span> <span class='ocrx_word' id='word_1_37' title='bbox 1538 1111 1812 1156; x_wconf 89' lang='lat' dir='ltr'><strong>summas</strong></span> <span class='ocrx_word' id='word_1_38' title='bbox 1832 1141 1848 1168; x_wconf 88' lang='lat'>‚</span> <span class='ocrx_word' id='word_1_39' title='bbox 1882 1112 2039 1175; x_wconf 90' lang='lat' dir='ltr'><strong>quas</strong></span> <span class='ocrx_word' id='word_1_40' title='bbox 2066 1112 2369 1178; x_wconf 86' lang='lat' dir='ltr'><strong>umquam</strong></span> <span class='ocrx_word' id='word_1_41' title='bbox 2385 1116 2522 1180; x_wconf 90' lang='lat' dir='ltr'><strong>pos-</strong></span> 
     </span>
     <span class='ocr_line' id='line_1_6' title="bbox 582 1201 2524 1289; baseline 0.001 -24"><span class='ocrx_word' id='word_1_42' title='bbox 582 1222 751 1278; x_wconf 88' lang='lat' dir='ltr'><strong>sum,</strong></span> <span class='ocrx_word' id='word_1_43' title='bbox 809 1202 1043 1265; x_wconf 89' lang='lat' dir='ltr'><strong>referre</strong></span> <span class='ocrx_word' id='word_1_44' title='bbox 1073 1203 1301 1289; x_wconf 83' lang='lat' dir='ltr'><strong>gratias</strong></span> <span class='ocrx_word' id='word_1_45' title='bbox 1324 1224 1441 1288; x_wconf 89' lang='lat' dir='ltr'><strong>pro</strong></span> <span class='ocrx_word' id='word_1_46' title='bbox 1464 1202 1945 1276; x_wconf 78' lang='lat' dir='ltr'><strong>communicatis</strong></span> <span class='ocrx_word' id='word_1_47' title='bbox 1963 1221 2092 1274; x_wconf 84' lang='lat' dir='ltr'><strong>non</strong></span> <span class='ocrx_word' id='word_1_48' title='bbox 2122 1202 2359 1280; x_wconf 82' lang='lat' dir='ltr'><strong>solum,</strong></span> <span class='ocrx_word' id='word_1_49' title='bbox 2411 1201 2524 1266; x_wconf 91' lang='lat' dir='ltr'><strong>sed</strong></span> 
     </span>
     <span class='ocr_line' id='line_1_7' title="bbox 579 1311 2521 1400; baseline 0 -25"><span class='ocrx_word' id='word_1_50' title='bbox 579 1322 641 1375; x_wconf 89' lang='lat' dir='ltr'><strong>et</strong></span> <span class='ocrx_word' id='word_1_51' title='bbox 678 1333 795 1397; x_wconf 89' lang='lat' dir='ltr'><strong>pro</strong></span> <span class='ocrx_word' id='word_1_52' title='bbox 833 1313 1048 1378; x_wconf 86' lang='lat' dir='ltr'><strong>favore</strong></span> <span class='ocrx_word' id='word_1_53' title='bbox 1090 1314 1389 1400; x_wconf 76' lang='lat' dir='ltr'>singulari</span> <span class='ocrx_word' id='word_1_54' title='bbox 1411 1364 1428 1392; x_wconf 90' lang='lat'>‚</span> <span class='ocrx_word' id='word_1_55' title='bbox 1479 1332 1668 1399; x_wconf 87' lang='lat' dir='ltr'><strong>quem</strong></span> <span class='ocrx_word' id='word_1_56' title='bbox 1706 1312 1859 1375; x_wconf 85' lang='lat' dir='ltr'><strong>mihi</strong></span> <span class='ocrx_word' id='word_1_57' title='bbox 1882 1311 1954 1374; x_wconf 86' lang='lat' dir='ltr'><strong>in</strong></span> <span class='ocrx_word' id='word_1_58' title='bbox 1991 1312 2183 1376; x_wconf 85' lang='lat' dir='ltr'><strong>hisee·</strong></span> <span class='ocrx_word' id='word_1_59' title='bbox 2207 1322 2521 1398; x_wconf 84' lang='lat' dir='ltr'><strong>praestare</strong></span> 
     </span>
     <span class='ocr_line' id='line_1_8' title="bbox 579 1420 2522 1510; baseline -0.001 -22"><span class='ocrx_word' id='word_1_60' title='bbox 579 1423 852 1490; x_wconf 87' lang='lat' dir='ltr'><strong>voluisti.</strong></span> <span class='ocrx_word' id='word_1_61' title='bbox 897 1425 1105 1492; x_wconf 81' lang='lat' dir='ltr'><strong>‚Fateri</strong></span> <span class='ocrx_word' id='word_1_62' title='bbox 1126 1426 1334 1510; x_wconf 87' lang='lat' dir='ltr'><strong>palam</strong></span> <span class='ocrx_word' id='word_1_63' title='bbox 1352 1423 1587 1497; x_wconf 80' lang='lat' dir='ltr'><strong>debeo,</strong></span> <span class='ocrx_word' id='word_1_64' title='bbox 1625 1421 1798 1510; x_wconf 87' lang='lat' dir='ltr'><strong>quod</strong></span> <span class='ocrx_word' id='word_1_65' title='bbox 1819 1443 1900 1497; x_wconf 81' lang='lat' dir='ltr'><strong>ne</strong></span> <span class='ocrx_word' id='word_1_66' title='bbox 1929 1420 2252 1494; x_wconf 83' lang='lat' dir='ltr'><strong>dimidiam</strong></span> <span class='ocrx_word' id='word_1_67' title='bbox 2279 1432 2522 1508; x_wconf 89' lang='lat' dir='ltr'><strong>partem</strong></span> 
     </span>
     <span class='ocr_line' id='line_1_9' title="bbox 578 1531 2517 1626; baseline 0 -31"><span class='ocrx_word' id='word_1_68' title='bbox 578 1554 829 1618; x_wconf 89' lang='lat' dir='ltr'><strong>sperare</strong></span> <span class='ocrx_word' id='word_1_69' title='bbox 852 1555 1040 1600; x_wconf 81' lang='lat' dir='ltr'><strong>ausus</strong></span> <span class='ocrx_word' id='word_1_70' title='bbox 1062 1534 1325 1626; x_wconf 18' lang='lat' dir='ltr'><strong>*fuissem</strong></span> <span class='ocrx_word' id='word_1_71' title='bbox 1341 1584 1358 1612; x_wconf 82' lang='lat'>‚</span> <span class='ocrx_word' id='word_1_72' title='bbox 1413 1555 1488 1598; x_wconf 87' lang='lat' dir='ltr'><strong>ae</strong></span> <span class='ocrx_word' id='word_1_73' title='bbox 1516 1542 1872 1618; x_wconf 82' lang='lat' dir='ltr'><strong>exspectare</strong></span> <span class='ocrx_word' id='word_1_74' title='bbox 1890 1533 2239 1617; x_wconf 67' lang='lat' dir='ltr'><strong>‘potuissem</strong></span> <span class='ocrx_word' id='word_1_75' title='bbox 2254 1582 2272 1611; x_wconf 90' lang='lat'>‚</span> <span class='ocrx_word' id='word_1_76' title='bbox 2313 1531 2517 1597; x_wconf 83' lang='lat' dir='ltr'><strong>amiei-</strong></span> 
     </span>
     <span class='ocr_line' id='line_1_10' title="bbox 575 1621 2514 1730; baseline -0.001 -23"><span class='ocrx_word' id='word_1_77' title='bbox 575 1643 824 1728; x_wconf 75' lang='lat' dir='ltr'><strong>tiaeque</strong></span> <span class='ocrx_word' id='word_1_78' title='bbox 863 1646 1030 1709; x_wconf 88' lang='lat' dir='ltr'><strong>Tuae</strong></span> <span class='ocrx_word' id='word_1_79' title='bbox 1080 1666 1181 1708; x_wconf 87' lang='lat' dir='ltr'><strong>me</strong></span> <span class='ocrx_word' id='word_1_80' title='bbox 1234 1665 1423 1730; x_wconf 89' lang='lat' dir='ltr'><strong>quam</strong></span> <span class='ocrx_word' id='word_1_81' title='bbox 1463 1621 1807 1729; x_wconf 82' lang='lat' dir='ltr'><strong>plurimum</strong></span> <span class='ocrx_word' id='word_1_82' title='bbox 1849 1641 2254 1721; x_wconf 67' lang='lat' dir='ltr'><strong>commendo„</strong></span> <span class='ocrx_word' id='word_1_83' title='bbox 2310 1642 2514 1706; x_wconf 87' lang='lat' dir='ltr'><strong>Deum</strong></span> 
     </span>
     <span class='ocr_line' id='line_1_11' title="bbox 573 1753 2511 1848; baseline -0.001 -31"><span class='ocrx_word' id='word_1_84' title='bbox 573 1754 919 1820; x_wconf 84' lang='lat' dir='ltr'><strong>humillime</strong></span> <span class='ocrx_word' id='word_1_85' title='bbox 946 1775 1209 1831; x_wconf 63' lang='lat' dir='ltr'><strong>exorans</strong></span> <span class='ocrx_word' id='word_1_86' title='bbox 1230 1804 1248 1831; x_wconf 87' lang='lat'>,</span> <span class='ocrx_word' id='word_1_87' title='bbox 1281 1753 1453 1840; x_wconf 91' lang='lat' dir='ltr'><strong>quod</strong></span> <span class='ocrx_word' id='word_1_88' title='bbox 1482 1754 1676 1848; x_wconf 66' lang='lat' dir='ltr'><strong>yitam</strong></span> <span class='ocrx_word' id='word_1_89' title='bbox 1707 1754 1844 1820; x_wconf 87' lang='lat' dir='ltr'><strong>Tibi</strong></span> <span class='ocrx_word' id='word_1_90' title='bbox 1864 1754 1934 1820; x_wconf 80' lang='lat' dir='ltr'><strong>in</strong></span> <span class='ocrx_word' id='word_1_91' title='bbox 1962 1754 2288 1824; x_wconf 76' lang='lat' dir='ltr'><strong>Nestoreos</strong></span> <span class='ocrx_word' id='word_1_92' title='bbox 2315 1774 2511 1816; x_wconf 89' lang='lat' dir='ltr'><strong>annos</strong></span> 
     </span>
     <span class='ocr_line' id='line_1_12' title="bbox 571 1858 2510 1949; baseline -0.002 -22"><span class='ocrx_word' id='word_1_93' title='bbox 571 1865 894 1949; x_wconf 78' lang='lat' dir='ltr'><strong>protrahat</strong></span> <span class='ocrx_word' id='word_1_94' title='bbox 922 1863 1213 1949; x_wconf 86' lang='lat' dir='ltr'><strong>viresque</strong></span> <span class='ocrx_word' id='word_1_95' title='bbox 1253 1864 1530 1928; x_wconf 85' lang='lat' dir='ltr'><strong>tribuere</strong></span> <span class='ocrx_word' id='word_1_96' title='bbox 1567 1864 1747 1937; x_wconf 84' lang='lat' dir='ltr'><strong>velit,</strong></span> <span class='ocrx_word' id='word_1_97' title='bbox 1781 1871 1876 1927; x_wconf 84' lang='lat' dir='ltr'><strong>.ut</strong></span> <span class='ocrx_word' id='word_1_98' title='bbox 1916 1884 1996 1927; x_wconf 82' lang='lat' dir='ltr'><strong>ex</strong></span> <span class='ocrx_word' id='word_1_99' title='bbox 2034 1858 2167 1945; x_wconf 87' lang='lat' dir='ltr'><strong>ejus</strong></span> <span class='ocrx_word' id='word_1_100' title='bbox 2204 1860 2510 1946; x_wconf 50' lang='lat' dir='ltr'><strong>,operibus</strong></span> 
     </span>
     <span class='ocr_line' id='line_1_13' title="bbox 572 1972 2513 2058; baseline -0.001 -23"><span class='ocrx_word' id='word_1_101' title='bbox 572 1994 647 2036; x_wconf 91' lang='lat' dir='ltr'><strong>ea</strong></span> <span class='ocrx_word' id='word_1_102' title='bbox 665 2022 681 2050; x_wconf 89' lang='lat'><strong>,</strong></span> <span class='ocrx_word' id='word_1_103' title='bbox 741 1994 900 2058; x_wconf 85' lang='lat' dir='ltr'><strong>quae</strong></span> <span class='ocrx_word' id='word_1_104' title='bbox 944 1974 1076 2036; x_wconf 88' lang='lat' dir='ltr'><strong>aliis</strong></span> <span class='ocrx_word' id='word_1_105' title='bbox 1121 1976 1368 2038; x_wconf 85' lang='lat' dir='ltr'><strong>occulta</strong></span> <span class='ocrx_word' id='word_1_106' title='bbox 1397 1983 1577 2051; x_wconf 88' lang='lat' dir='ltr'><strong>sunt,</strong></span> <span class='ocrx_word' id='word_1_107' title='bbox 1632 1995 1751 2038; x_wconf 81' lang='lat' dir='ltr'><strong>nee</strong></span> <span class='ocrx_word' id='word_1_108' title='bbox 1775 1972 1856 2052; x_wconf 81' lang='lat' dir='ltr'><strong>ab</strong></span> <span class='ocrx_word' id='word_1_109' title='bbox 1884 1974 1971 2046; x_wconf 89' lang='lat' dir='ltr'><strong>iis</strong></span> <span class='ocrx_word' id='word_1_110' title='bbox 1992 1982 2121 2036; x_wconf 91' lang='lat' dir='ltr'><strong>tam</strong></span> <span class='ocrx_word' id='word_1_111' title='bbox 2144 1972 2313 2052; x_wconf 68' lang='lat' dir='ltr'><strong>bene,</strong></span> <span class='ocrx_word' id='word_1_112' title='bbox 2337 1972 2513 2035; x_wconf 82' lang='lat' dir='ltr'><strong>extri·</strong></span> 
     </span>
     <span class='ocr_line' id='line_1_14' title="bbox 570 2083 2522 2171; baseline -0.002 -24"><span class='ocrx_word' id='word_1_113' title='bbox 570 2083 699 2147; x_wconf 87' lang='lat' dir='ltr'><strong>cari</strong></span> <span class='ocrx_word' id='word_1_114' title='bbox 744 2092 984 2169; x_wconf 85' lang='lat' dir='ltr'><strong>queunt</strong></span> <span class='ocrx_word' id='word_1_115' title='bbox 1001 2133 1020 2161; x_wconf 86' lang='lat'><strong>,</strong></span> <span class='ocrx_word' id='word_1_116' title='bbox 1083 2086 1410 2156; x_wconf 76' lang='lat' dir='ltr'><strong>enucleare</strong></span> <span class='ocrx_word' id='word_1_117' title='bbox 1462 2085 1727 2171; x_wconf 81' lang='lat' dir='ltr'><strong>orbique</strong></span> <span class='ocrx_word' id='word_1_118' title='bbox 1773 2083 2016 2149; x_wconf 86' lang='lat' dir='ltr'><strong>erudito</strong></span> <span class='ocrx_word' id='word_1_119' title='bbox 2062 2083 2522 2148; x_wconf 79' lang='lat' dir='ltr'><strong>communicare</strong></span> 
     </span>
     <span class='ocr_line' id='line_1_15' title="bbox 571 2192 2521 2282; baseline -0.001 -25"><span class='ocrx_word' id='word_1_120' title='bbox 571 2194 793 2278; x_wconf 87' lang='lat' dir='ltr'><strong>possis.</strong></span> <span class='ocrx_word' id='word_1_121' title='bbox 831 2192 1090 2259; x_wconf 87' lang='lat' dir='ltr'><strong>Gaudeo</strong></span> <span class='ocrx_word' id='word_1_122' title='bbox 1111 2245 1127 2273; x_wconf 87' lang='lat'><strong>,</strong></span> <span class='ocrx_word' id='word_1_123' title='bbox 1162 2195 1335 2282; x_wconf 92' lang='lat' dir='ltr'><strong>quod</strong></span> <span class='ocrx_word' id='word_1_124' title='bbox 1355 2196 1537 2261; x_wconf 87' lang='lat' dir='ltr'><strong>bulbi</strong></span> <span class='ocrx_word' id='word_1_125' title='bbox 1561 2196 1870 2280; x_wconf 87' lang='lat' dir='ltr'><strong>Capenses</strong></span> <span class='ocrx_word' id='word_1_126' title='bbox 1893 2197 2009 2258; x_wconf 88' lang='lat' dir='ltr'><strong>rite</strong></span> <span class='ocrx_word' id='word_1_127' title='bbox 2034 2193 2117 2258; x_wconf 92' lang='lat' dir='ltr'><strong>ad</strong></span> <span class='ocrx_word' id='word_1_128' title='bbox 2139 2203 2276 2258; x_wconf 88' lang='lat' dir='ltr'><strong>tuas</strong></span> <span class='ocrx_word' id='word_1_129' title='bbox 2297 2214 2521 2278; x_wconf 86' lang='lat' dir='ltr'><strong>perve-</strong></span> 
     </span>
     <span class='ocr_line' id='line_1_16' title="bbox 570 2301 2521 2394; baseline -0.001 -27"><span class='ocrx_word' id='word_1_130' title='bbox 570 2304 778 2367; x_wconf 87' lang='lat' dir='ltr'><strong>nerint</strong></span> <span class='ocrx_word' id='word_1_131' title='bbox 802 2325 1023 2367; x_wconf 90' lang='lat' dir='ltr'><strong>manus</strong></span> <span class='ocrx_word' id='word_1_132' title='bbox 1045 2303 1342 2394; x_wconf 88' lang='lat' dir='ltr'><strong>quodque</strong></span> <span class='ocrx_word' id='word_1_133' title='bbox 1357 2306 1472 2378; x_wconf 84' lang='lat' dir='ltr'><strong>tibi</strong></span> <span class='ocrx_word' id='word_1_134' title='bbox 1495 2307 1802 2390; x_wconf 83' lang='lat' dir='ltr'><strong>placeant,</strong></span> <span class='ocrx_word' id='word_1_135' title='bbox 1827 2325 1944 2368; x_wconf 84' lang='lat' dir='ltr'><strong>neo</strong></span> <span class='ocrx_word' id='word_1_136' title='bbox 1967 2302 2207 2380; x_wconf 84' lang='lat' dir='ltr'><strong>dubito,</strong></span> <span class='ocrx_word' id='word_1_137' title='bbox 2235 2303 2387 2387; x_wconf 87' lang='lat' dir='ltr'><strong>quin</strong></span> <span class='ocrx_word' id='word_1_138' title='bbox 2401 2301 2521 2366; x_wconf 88' lang='lat' dir='ltr'><strong>flo—</strong></span> 
     </span>
     <span class='ocr_line' id='line_1_17' title="bbox 570 2411 2520 2499; baseline 0 -22"><span class='ocrx_word' id='word_1_139' title='bbox 570 2414 745 2478; x_wconf 89' lang='lat' dir='ltr'><strong>ribus</strong></span> <span class='ocrx_word' id='word_1_140' title='bbox 775 2411 1064 2478; x_wconf 51' lang='lat' dir='ltr'><strong>animum&#39;</strong></span> <span class='ocrx_word' id='word_1_141' title='bbox 1087 2418 1293 2480; x_wconf 91' lang='lat' dir='ltr'><strong>Tuum</strong></span> <span class='ocrx_word' id='word_1_142' title='bbox 1322 2417 1668 2480; x_wconf 75' lang='lat' dir='ltr'><strong>exhilarare</strong></span> <span class='ocrx_word' id='word_1_143' title='bbox 1699 2414 1971 2499; x_wconf 86' lang='lat' dir='ltr'><strong>possint,</strong></span> <span class='ocrx_word' id='word_1_144' title='bbox 2002 2434 2198 2498; x_wconf 91' lang='lat' dir='ltr'><strong>quum</strong></span> <span class='ocrx_word' id='word_1_145' title='bbox 2228 2412 2400 2476; x_wconf 90' lang='lat' dir='ltr'><strong>omni</strong></span> <span class='ocrx_word' id='word_1_146' title='bbox 2423 2412 2520 2478; x_wconf 84' lang='lat' dir='ltr'><strong>fe-</strong></span> 
     </span>
     <span class='ocr_line' id='line_1_18' title="bbox 568 2523 2515 2612; baseline -0.001 -22"><span class='ocrx_word' id='word_1_147' title='bbox 568 2547 637 2589; x_wconf 89' lang='lat' dir='ltr'><strong>re</strong></span> <span class='ocrx_word' id='word_1_148' title='bbox 661 2548 826 2591; x_wconf 84' lang='lat' dir='ltr'><strong>anno</strong></span> <span class='ocrx_word' id='word_1_149' title='bbox 852 2524 1022 2612; x_wconf 87' lang='lat' dir='ltr'><strong>apud</strong></span> <span class='ocrx_word' id='word_1_150' title='bbox 1048 2548 1163 2592; x_wconf 90' lang='lat' dir='ltr'><strong>nos</strong></span> <span class='ocrx_word' id='word_1_151' title='bbox 1187 2526 1574 2592; x_wconf 80' lang='lat' dir='ltr'><strong>efflorescant</strong></span> <span class='ocrx_word' id='word_1_152' title='bbox 1588 2550 1607 2610; x_wconf 78' lang='lat'>3</span> <span class='ocrx_word' id='word_1_153' title='bbox 1644 2525 1877 2597; x_wconf 83' lang='lat' dir='ltr'><strong>mirum</strong></span> <span class='ocrx_word' id='word_1_154' title='bbox 1903 2533 2116 2588; x_wconf 80' lang='lat' dir='ltr'><strong>’tamen</strong></span> <span class='ocrx_word' id='word_1_155' title='bbox 2144 2533 2268 2603; x_wconf 88' lang='lat' dir='ltr'><strong>est,</strong></span> <span class='ocrx_word' id='word_1_156' title='bbox 2304 2523 2472 2611; x_wconf 92' lang='lat' dir='ltr'><strong>quod</strong></span> <span class='ocrx_word' id='word_1_157' title='bbox 2497 2577 2515 2604; x_wconf 86' lang='lat'>‚</span> 
     </span>
     <span class='ocr_line' id='line_1_19' title="bbox 569 2633 2517 2739; baseline -0.001 -37"><span class='ocrx_word' id='word_1_158' title='bbox 569 2640 731 2703; x_wconf 89' lang='lat' dir='ltr'><strong>intra</strong></span> <span class='ocrx_word' id='word_1_159' title='bbox 753 2659 862 2701; x_wconf 86' lang='lat' dir='ltr'><strong>sex</strong></span> <span class='ocrx_word' id='word_1_160' title='bbox 883 2659 1193 2702; x_wconf 86' lang='lat' dir='ltr'><strong>annorum</strong></span> <span class='ocrx_word' id='word_1_161' title='bbox 1218 2638 1525 2739; x_wconf 81' lang='lat' dir='ltr'><strong>spatium,</strong></span> <span class='ocrx_word' id='word_1_162' title='bbox 1554 2639 1756 2702; x_wconf 90' lang='lat' dir='ltr'><strong>nullas</strong></span> <span class='ocrx_word' id='word_1_163' title='bbox 1773 2633 1849 2702; x_wconf 88' lang='lat' dir='ltr'><em>A</em></span> <span class='ocrx_word' id='word_1_164' title='bbox 1852 2636 2229 2721; x_wconf 75' lang='lat' dir='ltr'><strong>utholyzas</strong></span> <span class='ocrx_word' id='word_1_165' title='bbox 2263 2635 2517 2700; x_wconf 71' lang='lat' dir='ltr'><strong>Brum-</strong></span> 
     </span>
    </p>
   </div>
   <div class='ocr_carea' id='block_1_3' title="bbox 571 2750 2621 4054">
    <p class='ocr_par' dir='ltr' id='par_1_3' title="bbox 571 2750 2621 3725">
     <span class='ocr_line' id='line_1_20' title="bbox 572 2750 2522 2864; baseline 0 -49"><span class='ocrx_word' id='word_1_166' title='bbox 572 2756 807 2841; x_wconf 61' lang='lat' dir='ltr'><strong>vzyzhs,</strong></span> <span class='ocrx_word' id='word_1_167' title='bbox 860 2750 1169 2831; x_wconf 68' lang='lat' dir='ltr'><strong>Alethres</strong></span> <span class='ocrx_word' id='word_1_168' title='bbox 1211 2753 1664 2862; x_wconf 67' lang='grc' dir='ltr'>ι666ῃ6ιίιιιιιε,</span> <span class='ocrx_word' id='word_1_169' title='bbox 1688 2772 1982 2864; x_wconf 81' lang='lat' dir='ltr'><strong>quorum</strong></span> <span class='ocrx_word' id='word_1_170' title='bbox 2009 2750 2234 2814; x_wconf 90' lang='lat' dir='ltr'><strong>bulbos</strong></span> <span class='ocrx_word' id='word_1_171' title='bbox 2263 2760 2522 2836; x_wconf 80' lang='lat' dir='ltr'><strong>quotan-</strong></span> 
     </span>
     <span class='ocr_line' id='line_1_21' title="bbox 571 2848 2522 2955; baseline -0.001 -27"><span class='ocrx_word' id='word_1_172' title='bbox 571 2867 667 2928; x_wconf 92' lang='lat' dir='ltr'><strong>nis</strong></span> <span class='ocrx_word' id='word_1_173' title='bbox 712 2856 1214 2951; x_wconf 77' lang='lat' dir='ltr'><strong>expostulamuS‚</strong></span> <span class='ocrx_word' id='word_1_174' title='bbox 1262 2887 1381 2930; x_wconf 87' lang='lat' dir='ltr'><strong>nee</strong></span> <span class='ocrx_word' id='word_1_175' title='bbox 1420 2848 1632 2955; x_wconf 81' lang='lat' dir='ltr'><strong>plures</strong></span> <span class='ocrx_word' id='word_1_176' title='bbox 1678 2854 1802 2930; x_wconf 75' lang='lat' dir='ltr'><strong>hoe</strong></span> <span class='ocrx_word' id='word_1_177' title='bbox 1824 2873 2101 2949; x_wconf 87' lang='lat' dir='ltr'><strong>tempore</strong></span> <span class='ocrx_word' id='word_1_178' title='bbox 2131 2859 2522 2948; x_wconf 85' lang='lat' dir='ltr'><strong>possidemus</strong></span> 
     </span>
     <span class='ocr_line' id='line_1_22' title="bbox 572 2970 2527 3063; baseline 0 -22"><span class='ocrx_word' id='word_1_179' title='bbox 572 2976 833 3061; x_wconf 68' lang='lat' dir='ltr'><strong>speclea,</strong></span> <span class='ocrx_word' id='word_1_180' title='bbox 887 2987 1146 3063; x_wconf 77' lang='lat' dir='ltr'><strong>excepta</strong></span> <span class='ocrx_word' id='word_1_181' title='bbox 1177 2974 1615 3062; x_wconf 70' lang='lat' dir='ltr'><strong>Amaryllide</strong></span> <span class='ocrx_word' id='word_1_182' title='bbox 1657 2976 2120 3059; x_wconf 75' lang='lat' dir='ltr'><strong>hulhwpema,</strong></span> <span class='ocrx_word' id='word_1_183' title='bbox 2172 2970 2355 3058; x_wconf 80' lang='lat' dir='ltr'><strong>eujus</strong></span> <span class='ocrx_word' id='word_1_184' title='bbox 2390 2995 2527 3043; x_wconf 85' lang='lat' dir='ltr'><strong>um</strong></span> 
     </span>
     <span class='ocr_line' id='line_1_23' title="bbox 573 3082 2520 3172; baseline -0.003 -15"><span class='ocrx_word' id='word_1_185' title='bbox 573 3107 683 3157; x_wconf 73' lang='lat' dir='ltr'><strong>cus</strong></span> <span class='ocrx_word' id='word_1_186' title='bbox 731 3086 910 3152; x_wconf 86' lang='lat' dir='ltr'><strong>nobis</strong></span> <span class='ocrx_word' id='word_1_187' title='bbox 975 3097 1259 3172; x_wconf 82' lang='lat' dir='ltr'><strong>superest</strong></span> <span class='ocrx_word' id='word_1_188' title='bbox 1323 3087 1556 3152; x_wconf 88' lang='lat' dir='ltr'><strong>bulbus</strong></span> <span class='ocrx_word' id='word_1_189' title='bbox 1573 3137 1593 3164; x_wconf 81' lang='lat'><strong>.‚</strong></span> <span class='ocrx_word' id='word_1_190' title='bbox 1656 3107 1806 3151; x_wconf 85' lang='lat' dir='ltr'><strong>eum</strong></span> <span class='ocrx_word' id='word_1_191' title='bbox 1864 3107 1979 3172; x_wconf 91' lang='lat' dir='ltr'><strong>per</strong></span> <span class='ocrx_word' id='word_1_192' title='bbox 2023 3085 2347 3150; x_wconf 83' lang='lat' dir='ltr'><strong>biennium</strong></span> <span class='ocrx_word' id='word_1_193' title='bbox 2389 3082 2520 3169; x_wconf 85' lang='lat' dir='ltr'><strong>ejus</strong></span> 
     </span>
     <span class='ocr_line' id='line_1_24' title="bbox 572 3177 2522 3282; baseline -0.001 -22"><span class='ocrx_word' id='word_1_194' title='bbox 572 3195 865 3262; x_wconf 90' lang='lat' dir='ltr'><strong>bulbulos</strong></span> <span class='ocrx_word' id='word_1_195' title='bbox 908 3177 1011 3264; x_wconf 58' lang='lat' dir='ltr'><strong>{rel</strong></span> <span class='ocrx_word' id='word_1_196' title='bbox 1051 3197 1290 3263; x_wconf 87' lang='lat' dir='ltr'><strong>semina</strong></span> <span class='ocrx_word' id='word_1_197' title='bbox 1308 3247 1325 3273; x_wconf 86' lang='lat'><strong>‚</strong></span> <span class='ocrx_word' id='word_1_198' title='bbox 1377 3217 1540 3282; x_wconf 87' lang='lat' dir='ltr'><strong>quae</strong></span> <span class='ocrx_word' id='word_1_199' title='bbox 1583 3216 1732 3260; x_wconf 87' lang='lat' dir='ltr'><strong>mox</strong></span> <span class='ocrx_word' id='word_1_200' title='bbox 1748 3244 1765 3269; x_wconf 93' lang='lat'>,</span> <span class='ocrx_word' id='word_1_201' title='bbox 1822 3204 2155 3281; x_wconf 81' lang='lat' dir='ltr'><strong>postquam</strong></span> <span class='ocrx_word' id='word_1_202' title='bbox 2204 3194 2522 3280; x_wconf 77' lang='lat' dir='ltr'><strong>decerpse-</strong></span> 
     </span>
     <span class='ocr_line' id='line_1_25' title="bbox 576 3304 2526 3391; baseline 0.001 -21"><span class='ocrx_word' id='word_1_203' title='bbox 576 3329 711 3377; x_wconf 85' lang='lat' dir='ltr'><strong>ram</strong></span> <span class='ocrx_word' id='word_1_204' title='bbox 725 3356 743 3382; x_wconf 89' lang='lat'><strong><em>,</em></strong></span> <span class='ocrx_word' id='word_1_205' title='bbox 795 3317 997 3373; x_wconf 86' lang='lat' dir='ltr'><strong>terrae</strong></span> <span class='ocrx_word' id='word_1_206' title='bbox 1028 3307 1350 3385; x_wconf 79' lang='lat' dir='ltr'><strong>commisi,</strong></span> <span class='ocrx_word' id='word_1_207' title='bbox 1383 3307 1485 3373; x_wconf 82' lang='lat' dir='ltr'><strong>vel</strong></span> <span class='ocrx_word' id='word_1_208' title='bbox 1500 3306 1793 3377; x_wconf 74' lang='lat' dir='ltr'><strong>:liberiori</strong></span> <span class='ocrx_word' id='word_1_209' title='bbox 1826 3305 1953 3371; x_wconf 64' lang='lat' dir='ltr'><strong>aeri</strong></span> <span class='ocrx_word' id='word_1_210' title='bbox 1985 3305 2261 3391; x_wconf 70' lang='lat' dir='ltr'><strong>exposita</strong></span> <span class='ocrx_word' id='word_1_211' title='bbox 2278 3356 2296 3385; x_wconf 90' lang='lat'>‚</span> <span class='ocrx_word' id='word_1_212' title='bbox 2326 3304 2526 3371; x_wconf 77' lang='lat' dir='ltr'><strong>donee</strong></span> 
     </span>
     <span class='ocr_line' id='line_1_26' title="bbox 573 3416 2621 3507; baseline -0 -24"><span class='ocrx_word' id='word_1_213' title='bbox 573 3417 962 3507; x_wconf 81' lang='lat' dir='ltr'><strong>longitudine</strong></span> <span class='ocrx_word' id='word_1_214' title='bbox 1006 3418 1247 3504; x_wconf 81' lang='lat' dir='ltr'><strong>pollicis</strong></span> <span class='ocrx_word' id='word_1_215' title='bbox 1265 3432 1270 3437; x_wconf 84' lang='grc'><em>·</em></span> <span class='ocrx_word' id='word_1_216' title='bbox 1289 3417 1764 3504; x_wconf 83' lang='lat' dir='ltr'><strong>progerminare</strong></span> <span class='ocrx_word' id='word_1_217' title='bbox 1808 3416 2172 3501; x_wconf 77' lang='lat' dir='ltr'><strong>inceperant</strong></span> <span class='ocrx_word' id='word_1_218' title='bbox 2187 3466 2205 3494; x_wconf 87' lang='lat'>‚</span> <span class='ocrx_word' id='word_1_219' title='bbox 2253 3416 2528 3502; x_wconf 82' lang='lat' dir='ltr'><strong>plantavi</strong></span> <span class='ocrx_word' id='word_1_220' title='bbox 2616 3488 2621 3493; x_wconf 59' lang='grc'>,</span> 
     </span>
     <span class='ocr_line' id='line_1_27' title="bbox 575 3526 2529 3621; baseline -0.001 -29"><span class='ocrx_word' id='word_1_221' title='bbox 575 3528 748 3607; x_wconf 67' lang='lat' dir='ltr'><strong>lieet,</strong></span> <span class='ocrx_word' id='word_1_222' title='bbox 807 3529 1016 3599; x_wconf 83' lang='lat' dir='ltr'><strong>nullus</strong></span> <span class='ocrx_word' id='word_1_223' title='bbox 1071 3530 1453 3612; x_wconf 84' lang='lat' dir='ltr'><strong>excreverit3</strong></span> <span class='ocrx_word' id='word_1_224' title='bbox 1517 3550 1597 3597; x_wconf 78' lang='lat' dir='ltr'><strong>an</strong></span> <span class='ocrx_word' id='word_1_225' title='bbox 1661 3526 1849 3614; x_wconf 84' lang='lat' dir='ltr'><strong>hujus</strong></span> <span class='ocrx_word' id='word_1_226' title='bbox 1901 3548 2152 3594; x_wconf 86' lang='lat' dir='ltr'><strong>eausam</strong></span> <span class='ocrx_word' id='word_1_227' title='bbox 2184 3527 2529 3621; x_wconf 79' lang='lat' dir='ltr'><strong>enucleare</strong></span> 
     </span>
     <span class='ocr_line' id='line_1_28' title="bbox 579 3639 1216 3725; baseline -0.003 -22"><span class='ocrx_word' id='word_1_228' title='bbox 579 3648 754 3725; x_wconf 89' lang='lat' dir='ltr'><strong>potes</strong></span> <span class='ocrx_word' id='word_1_229' title='bbox 772 3639 805 3702; x_wconf 69' lang='lat'><strong>&#39;2</strong></span> <span class='ocrx_word' id='word_1_230' title='bbox 1211 3654 1216 3659; x_wconf 82' lang='lat'>&#39;</span> 
     </span>
    </p>

    <p class='ocr_par' dir='ltr' id='par_1_4' title="bbox 579 3743 2526 4054">
     <span class='ocr_line' id='line_1_29' title="bbox 669 3743 2526 3834; baseline -0.002 -23"><span class='ocrx_word' id='word_1_231' title='bbox 669 3747 857 3811; x_wconf 85' lang='lat' dir='ltr'><strong>Hisce</strong></span> <span class='ocrx_word' id='word_1_232' title='bbox 896 3746 1215 3813; x_wconf 83' lang='lat' dir='ltr'><strong>includam</strong></span> <span class='ocrx_word' id='word_1_233' title='bbox 1235 3799 1252 3828; x_wconf 90' lang='lat'>‚</span> <span class='ocrx_word' id='word_1_234' title='bbox 1307 3749 1407 3813; x_wconf 86' lang='lat' dir='ltr'><strong>vel</strong></span> <span class='ocrx_word' id='word_1_235' title='bbox 1451 3749 1655 3834; x_wconf 73' lang='lat' dir='ltr'><strong>prima</strong></span> <span class='ocrx_word' id='word_1_236' title='bbox 1685 3768 1832 3812; x_wconf 87' lang='lat' dir='ltr'><strong>eum</strong></span> <span class='ocrx_word' id='word_1_237' title='bbox 1853 3748 1997 3823; x_wconf 78' lang='lat' dir='ltr'><strong>navi</strong></span> <span class='ocrx_word' id='word_1_238' title='bbox 2021 3747 2260 3821; x_wconf 82' lang='lat' dir='ltr'><strong>mittam</strong></span> <span class='ocrx_word' id='word_1_239' title='bbox 2288 3743 2526 3819; x_wconf 81' lang='lat' dir='ltr'><strong>semina</strong></span> 
     </span>
     <span class='ocr_line' id='line_1_30' title="bbox 579 3843 2521 3942; baseline -0.001 -24"><span class='ocrx_word' id='word_1_240' title='bbox 579 3857 838 3941; x_wconf 61' lang='lat' dir='ltr'><strong>aliquot:⁴</strong></span> <span class='ocrx_word' id='word_1_241' title='bbox 859 3853 1076 3921; x_wconf 88' lang='lat' dir='ltr'><strong>Indiea</strong></span> <span class='ocrx_word' id='word_1_242' title='bbox 1110 3856 1248 3942; x_wconf 82' lang='lat' dir='ltr'><strong>jam</strong></span> <span class='ocrx_word' id='word_1_243' title='bbox 1284 3856 1395 3922; x_wconf 90' lang='lat' dir='ltr'><strong>diu</strong></span> <span class='ocrx_word' id='word_1_244' title='bbox 1430 3843 1549 3923; x_wconf 82' lang='lat' dir='ltr'><strong>tibi</strong></span> <span class='ocrx_word' id='word_1_245' title='bbox 1579 3857 1912 3937; x_wconf 83' lang='lat' dir='ltr'><strong>destinata,</strong></span> <span class='ocrx_word' id='word_1_246' title='bbox 1957 3857 2117 3920; x_wconf 85' lang='lat' dir='ltr'><strong>inter</strong></span> <span class='ocrx_word' id='word_1_247' title='bbox 2146 3875 2306 3940; x_wconf 85' lang='lat' dir='ltr'><strong>quae</strong></span> <span class='ocrx_word' id='word_1_248' title='bbox 2334 3854 2521 3918; x_wconf 88' lang='lat' dir='ltr'><strong>rario-</strong></span> 
     </span>
     <span class='ocr_line' id='line_1_31' title="bbox 580 3964 2515 4054; baseline -0.001 -26"><span class='ocrx_word' id='word_1_249' title='bbox 580 3984 650 4028; x_wconf 87' lang='lat' dir='ltr'><strong>ra</strong></span> <span class='ocrx_word' id='word_1_250' title='bbox 676 3967 953 4031; x_wconf 86' lang='lat' dir='ltr'><strong>invenies</strong></span> <span class='ocrx_word' id='word_1_251' title='bbox 972 4018 988 4047; x_wconf 74' lang='grc'><em>,</em></span> <span class='ocrx_word' id='word_1_252' title='bbox 1021 3967 1326 4053; x_wconf 81' lang='lat' dir='ltr'><strong>Capensia</strong></span> <span class='ocrx_word' id='word_1_253' title='bbox 1348 3966 1588 4054; x_wconf 88' lang='lat' dir='ltr'><strong>absque</strong></span> <span class='ocrx_word' id='word_1_254' title='bbox 1618 3965 1811 4041; x_wconf 82' lang='lat' dir='ltr'><strong>dubio</strong></span> <span class='ocrx_word' id='word_1_255' title='bbox 1834 3964 2093 4039; x_wconf 87' lang='lat' dir='ltr'><strong>habebis</strong></span> <span class='ocrx_word' id='word_1_256' title='bbox 2119 3964 2329 4045; x_wconf 77' lang='lat' dir='ltr'><strong>omnia</strong></span> <span class='ocrx_word' id='word_1_257' title='bbox 2350 3964 2481 4028; x_wconf 89' lang='lat' dir='ltr'><strong>fere</strong></span> <span class='ocrx_word' id='word_1_258' title='bbox 2498 4013 2515 4041; x_wconf 94' lang='lat'>,</span> 
     </span>
    </p>
   </div>
  </div>
 </body>
</html>
