2952 5080
538 534 806 584 ummo
933 500 967 569 Ἀ
1455 516 1548 581 60
1887 538 1952 581 ιτ.
1983 541 2044 582 1..
2072 539 2467 588 amanus.

530 756 604 814 ut
629 747 776 813 satis
796 750 1080 813 accurate
1107 741 1417 808 delineam
1435 791 1453 822 ,
1478 741 1646 809 *adeo
1670 744 1830 809 mira
1855 732 1950 810 est
1966 795 1984 825 ‚
2011 755 2086 810 ut
2104 747 2303 812 verba
2323 747 2469 815 defi-

527 859 729 936 ciant,
752 856 991 942 *quibus
1020 852 1295 919 mentem
1320 874 1528 918 meam
1557 854 1734 918 clare·
1765 863 1828 918 et
1866 853 2153 921 distincte
2180 858 2469 943 explana-

527 988 599 1030 re
624 966 892 1051 possim3
930 963 1079 1029 folia
1104 965 1274 1028 enim
1296 973 1443 1028 sunt
1471 963 1777 1050 opposita,
1811 965 2188 1052 plerumque
2210 967 2467 1053 petiola-

526 1084 591 1139 ta
628 1073 863 1153 trifida,
915 1072 1399 1158 subpinnatifida
1435 1074 1676 1137 laciniis
1704 1074 2043 1139 linearibus
2070 1073 2316 1150 bifidis,
2354 1077 2469 1143 sed

386 1246 393 1252 .
482 1208 491 1217 ·
525 1186 753 1271 cuique
798 1180 1028 1270 petiolo
1083 1183 1329 1249 adsidet
1372 1186 1640 1249 alterum
1667 1183 1953 1249 foliolum
1981 1186 2225 1259 sessile,
2272 1188 2365 1251 uti
2400 1189 2505 1252 tiu

524 1293 591 1357 hi
615 1291 1033 1359 consideranti
1061 1290 1299 1379 patebit
1336 1302 1399 1357 et
1439 1293 1506 1356 in
1546 1290 1692 1359 vi'va
1726 1293 1938 1379 planta
1968 1292 2151 1359 valde
2174 1304 2380 1360 erecta
2407 1304 2472 1358 et

524 1404 705 1490 quasi
737 1412 1057 1468 contracta
1096 1411 1242 1467 sunt
1272 1403 1441 1468 foiia.
1513 1403 1730 1468 Flores
1744 1406 1921 1491 flavi
1932 1454 1950 1483 ,
1971 1424 2256 1495 ,qimrum
2294 1405 2470 1491 calyx

524 1511 868 1579 admodum
891 1512 1186 1578 reflexus.
1238 1511 1493 1578 Cor-olla
1513 1515 1965 1600 papilionacea‚
1990 1516 2287 1581 vexillum
2304 1515 2470 1602 dipe÷

520 1627 718 1690 talum
765 1626 1110 1714 oblongum
1137 1635 1441 1692 erectum.
1494 1626 1750 1714 Ungues
1783 1625 2206 1714 conduplicati
2219 1677 2238 1703 ,
2271 1628 2472 1716 longi-

522 1735 738 1803 tudine
764 1737 1014 1825 calycis.

611 1846 788 1915 Alae
812 1850 1335 1937 ovato-oblongae
1365 1851 1920 1937 concaviusculae.,
1950 1850 2208 1916 obtusae
2222 1901 2240 1929 ‚
2269 1851 2469 1918 brevi-

438 2038 441 2041 *
524 1982 665 2025 ores
712 1962 973 2040 vexillo,
1029 1961 1310 2026 carinam
1349 1960 1782 2041 includentes,
1833 1962 2009 2048 apice
2040 1963 2467 2029 conniventes.

452 2074 463 2079 ”
525 2069 778 2136 Carina
824 2071 1067 2136 inferne
1120 2070 1336 2158 gibba,
1397 2073 1512 2136 alis
1568 2070 1764 2159 duplo
1798 2073 2017 2153 latior,
2077 2071 2472 2160 longitudine

523 2182 791 2248 alarum.
2112 2222 2120 2228 -

582 2290 911 2359 QStamma
952 2294 1169 2359 carina
1208 2295 1485 2376 inclusa,
1532 2296 1761 2382 pistillo
1783 2294 2098 2360 breviora.

613 2403 954 2468 Pzzaetillum
981 2406 1387 2493 longitudine
1399 2407 1649 2472 carinae
1671 2416 1795 2471 ete.
2101 2450 2110 2455 -

588 2509 881 2580 Florere
910 2515 1125 2602 incipit
1160 2537 1329 2584 nova
1356 2515 1710 2605 quaedam,
1746 2512 1933 2601 cujus
1957 2514 2169 2601 calyx,
2197 2454 2483 2601 operculi

527 2624 753 2703 instar,
800 2624 1041 2692 claudit
1084 2630 1471 2715 superiorem
1519 2637 1762 2715 partem
1809 2628 2116 2705 corollae,
2162 2624 2274 2690 sed
2307 2633 2475 2713 quae

528 2734 812 2801 nondum
841 2748 1058 2824 aperta
1100 2749 1227 2823 est3
1265 2738 1453 2826 hujus
1487 2741 1711 2806 florem
1737 2760 1991 2827 quoque
2029 2738 2205 2802 mitto
2224 2787 2240 2816 ‚
2276 2746 2476 2801 estex

473 2920 477 2924 ,
525 2849 871 2915 bulbis-illis
895 2849 1234 2936 majoribus
1258 2903 1274 2932 ‚
1301 2873 1459 2940 quos
1480 2852 1894 2939 praecedente
1912 2869 2076 2917 anno
2087 2850 2477 2937 accepimus.

612 2962 853 3025 Floruit
874 2983 1161 3050 quoque,
1200 2963 1315 3029 sed
1339 2965 1530 3030 unico
1562 2959 1811 3030 tantum
1835 2962 1936 3027 die
1958 3014 1975 3043 ‚
2024 2985 2149 3049 quo
2180 2984 2309 3027 non
2339 2971 2479 3027 ante

523 3073 946 3157 vespertinum
971 3083 1215 3162 tempus
1239 3074 1574 3162 praedium
1611 3073 2069 3141 accedebamus
2086 3123 2103 3151 ‚
2150 3073 2478 3161 singularis

519 3185 798 3271 plantula
816 3235 834 3264 ‚
884 3205 1076 3273 quam
1118 3187 1201 3253 ab
1250 3187 1454 3253 amico
1497 3185 1777 3272 quodam
1806 3194 1950 3250 ante
1975 3194 2245 3271 quatuor
2284 3203 2478 3249 annos

525 3295 645 3360 sub
685 3297 864 3362 titulo
918 3320 996 3362 ecc
1040 3297 1244 3363 India
1271 3298 1656 3382 occidentali
1678 3296 2037 3382 accepimus
2059 3347 2077 3377 ,
2131 3294 2310 3382 cujus
2332 3297 2479 3362 folia

526 3406 788 3472 linearia
824 3407 1337 3495 sesquipalm'aria
1364 3407 1431 3470 in
1469 3408 1708 3493 spiram
1738 3406 2105 3486 convoluta,
2142 3407 2331 3476 flores
2360 3427 2479 3470 ses-

527 3516 670 3580 siles
703 3515 1085 3605 monopetali
1101 3569 1118 3598 ,
1162 3535 1436 3605 quorum
1472 3513 1663 3582 tubus
1705 3509 1935 3604 longus
1966 3516 2062 3605 (et
2095 3516 2348 3609 quidem
2376 3515 2477 3585 ἰῆ-

526 3644 637 3690 um
659 3628 908 3694 circiter
930 3627 1291 3717 pollicum),
1323 3628 1505 3694 albus
1526 3679 1543 3708 ‚
1566 3627 1800 3693 limbus
1823 3627 2125 3692 sex-fidus
2148 3623 2478 3712 segmentis

526 3734 865 3802 linearibus
917 3739 1071 3803 tubo
1112 3738 1374 3805 dimidio
1414 3739 1812 3805 brevioribus
1831 3790 1847 3819 ‚
1903 3738 2098 3802 altero
2129 3725 2347 3798 latiore
2385 3754 2484 3797 ru-

531 3844 808 3912 bicundo
827 3873 866 3932 3.
890 3850 1187 3914 antherae
1226 3837 1426 3920 flavae
1459 3862 1782 3919 contortae
1800 3877 1832 3936 3·
1866 3847 1980 3915 sed
2009 3846 2126 3911 flos
2150 3845 2389 3932 fragilis
2423 3854 2488 3909 et

531 3974 922 4022 marcescens
946 3978 1074 4021 non
1104 3968 1232 4028 tam
1250 3963 1369 4026 rite
1393 3963 1735 4030 examinari
1756 3965 2024 4047 poterat,
2046 3954 2218 4043 quod
2229 3953 2498 4022 dolebit—2

530 4085 694 4131 mus.
1695 4095 1700 4098 ·
