2952 5080
477 554 541 595 ισ.
577 552 639 594 1..
667 550 1000 595 nummo
1390 526 1515 594 127
1941 587 1952 598 ,
2092 547 2410 592 nunnus.

566 844 669 907 61.
1256 811 1475 904 Claris
1489 841 1650 901 sime

757 935 763 944 ’
1085 959 1212 1036 Ι)ιιο
1257 933 1644 1037 Professor
1659 960 1761 1058 (*)
1784 1011 1806 1048 ‚

1133 1089 1340 1149 Amice
1363 1091 1745 1159 caudas-vim.

358 1317 362 1324 .
479 1229 657 1329 Dixi
685 1266 749 1330 in
782 1266 1015 1344 ultimis
1046 1287 1149 1330 me
1180 1269 1408 1331 multas
1435 1267 1747 1352 accepisse
1771 1268 2012 1352 plantas
2045 1245 2353 1351 Capenses
2383 1287 2421 1330 a

481 1375 671 1440 Gallis
716 1377 1004 1441 collectas
1021 1427 1037 1454 ,
1081 1374 1236 1441 dum
1266 1374 1628 1442 Astronomi
1660 1376 1748 1440 ibi
1779 1374 2120 1440 haerebant
2136 1400 2153 1458 3
2195 1376 2422 1440 harum

479 1490 744 1553 rariores
797 1489 862 1551 in
902 1490 1095 1558 altera
1125 1489 1368 1576 pagina.
1393 1489 1603 1553 notavi
1623 1539 1639 1566 ,
1691 1510 1851 1575 quae
1876 1497 2055 1552 antca
2077 1488 2232 1551 mihi
2255 1488 2424 1574 igno-

479 1607 577 1663 tae
622 1599 796 1663 fuere
816 1650 831 1677 ‚
887 1621 1043 1685 quas
1085 1600 1436 1665 examinavi
1483 1609 1544 1663 et
1563 1597 1643 1663 ad
1666 1599 1910 1672 Genera
1934 1600 2117 1664 retuli
2141 1621 2287 1663 cum
2311 1586 2425 1663 dif-

482 1689 780 1773 ferentiis.
832 1711 897 1773 Si
919 1732 1021 1774 me
1051 1710 1194 1775 vivo
1218 1709 1484 1774 Floram
1508 1719 1680 1774 tuam
1707 1689 2052 1794 Capenseitz
2072 1708 2220 1774 edas
2237 1761 2253 1788 ,
2288 1733 2451 1797 pos-.

482 1840 625 1882 sum
655 1819 753 1882 his
786 1841 1013 1905 augere
1040 1829 1218 1886 tuum
1249 1820 1616 1905 Catalogum
1635 1869 1651 1896 ‚
1700 1817 1982 1905 adeoque
2013 1842 2124 1884 oro
2155 1841 2234 1883 ne
2258 1817 2426 1883 diffe-

482 1951 583 1993 ras
603 1979 618 2006 ‚
646 1950 791 1993 cum
812 1930 1108 1993 Senectus
1135 1951 1274 1993 mea
1298 1951 1424 1993 non
1446 1939 1646 1993 cessat
1663 1951 1914 1994 currere
1934 1952 2188 2012 cursum
2210 1907 2421 1994 suuni.

572 2038 647 2100 In
677 2035 1164 2102 demonstrando
1197 2040 1443 2124 plantas
1468 2021 1699 2123 sequor
1725 2036 2092 2103 methodum
2121 2035 2336 2103 datum
2360 2039 2425 2102 in

484 2147 644 2233 Syst.
680 2158 811 2212 nat.
845 2149 891 2213 2
920 2171 1067 2238 pag.
1106 2148 1395 2214 12—21.

570 2261 834 2325 Theoria
864 2262 1124 2327 Generis
1146 2315 1162 2344 ,
1194 2262 1434 2348 Speciei
1460 2261 1698 2327 critica.

659 2372 1008 2458 Descriptio
1036 2373 1270 2438 herbae
1302 2382 1366 2438 et
1395 2364 1911 2438 fructificationis.

571 2482 799 2563 Statio,
836 2485 1044 2572 regio,
1084 2488 1313 2551 solum.
1424 2563 1429 2570 ¹

442 2638 449 2646 .
571 2593 837 2678 Tempus
868 2596 1371 2682 germinationis,
1400 2581 1922 2661 ἰτοιιᾶθεοθιιῑίαέ.

659 2703 1133 2784 Calendarium,
1160 2707 1612 2807 Horologium,
1639 2708 1931 2770 Somnus.

662 2813 951 2878 Duratio.

575 2920 855 3001 Qualitas
882 2923 1118 3007 saporis
1140 2974 1156 3002 ,
1193 2920 1403 2989 odoris
1431 2947 1447 2988 ε
1483 2921 1631 2987 inde
1653 2923 1844 2989 vireS.

663 3032 825 3096 Usus
862 3032 1167 3099 MedicuS.

660 3176 841 3195 -—
863 3145 1343 3219 OeconomicuS,
1380 3145 1745 3232 praesertim
1763 3146 1896 3208 Pan
1926 3153 1989 3207 ct
2016 3143 2330 3209 Pandora.

864 3256 1238 3322 officinalis.
1267 3265 1673 3342 praeparata,
1710 3235 1878 3320 dosis
1902 3239 2022 3319 etc.

660 3363 873 3428 Saluta
899 3364 1332 3432 venerandum
1363 3368 1615 3431 Patrem
1641 3375 1821 3430 tuum
1841 3374 1904 3428 et
1924 3365 2066 3431 vive
2089 3365 2261 3428 felix.

660 3472 892 3559 Scripsi
924 3477 1173 3563 raptim.
1252 3475 1573 3565 Hamarby
1609 3475 1779 3546 1770
1809 3472 1877 3536 d.
1910 3473 2001 3537 20
2028 3475 2066 3536 J
2068 3494 2173 3537 an

1790 3621 1957 3678 can.
1981 3572 2279 3685 mame:

571 3977 644 4057 (*)
683 3980 784 4041 Est
807 3980 1040 4063 epistola
1065 3979 1140 4041 ad
1166 3980 1240 4042 N.
1274 3980 1342 4041 L.
1380 3979 1777 4042 Burmannum.
