2952 5080
560 525 631 575 ιε.
663 525 725 571 ι..
756 522 1086 569 mmmmm
1464 505 1594 569 192
2119 532 2124 539 ·
2238 523 2490 567 ramas.

643 856 702 896 α.
1280 835 1756 903 ,celeberrimo
1821 842 1826 845 ’

1213 975 1291 1032 Ν.
1315 979 1386 1031 L.
1416 975 1840 1035 BURMANNO

1208 1102 1213 1105 ’
1499 1087 1568 1150 S.

1184 1210 1192 1224 “
1268 1218 1772 1281 ·P.·s.PALLAS.
1882 1207 1888 1212 ⁴

562 1353 831 1477 Accepi
865 1386 1040 1475 justo
1076 1397 1357 1473 tempore
1387 1389 1788 1457 amicissimas
1819 1398 1957 1454 tuas
1975 1390 2214 1455 litteras
2245 1390 2327 1456 ad
2355 1413 2494 1456 eas-

564 1520 689 1585 que
703 1498 842 1584 jam
872 1496 1113 1562 dudum
1143 1498 1644 1585 respondissem,
1676 1499 1798 1562 nisi
1824 1498 1912 1563 de.
1928 1497 2029 1563 die
2056 1501 2124 1563 in
2153 1499 2321 1566 diem
2347 1506 2494 1587 spes

561 1609 781 1674 fuisset
802 1658 820 1686 ,
872 1609 1026 1672 mihi
1055 1609 1170 1694 ipsi
1196 1607 1736 1674 Amstelodamum
1764 1610 1979 1705 tenire
2006 1631 2123 1697 per
2147 1596 2397 1697 negotia
2422 1612 2497 1675 li..

565 1719 859 1786 citurum.
933 1721 1247 1805 Superatis
1286 1720 1539 1786 tandem
1571 1770 1586 1798 ,
1645 1742 1806 1807 quae
1853 1722 2192 1807 hucusque
2227 1720 2501 1808 impedi«

538 1840 776 1903 ·mentc
828 1829 1120 1908 fuerunt,
1165 1831 1436 1896 crastina
1479 1833 1620 1896 luce
1643 1892 1646 1897 ,
1666 1829 2005 1917 Ultrajecto
2030 1882 2048 1912 ,
2112 1832 2224 1898 ubi
2245 1854 2360 1917 per
2389 1833 2499 1897 ali·

568 1950 737 2028 quot·
759 1939 891 2005 dies
939 1950 1357 2006 commoratus
1411 1963 1553 2006 sum
1575 1992 1593 2020 ,
1639 1940 1733 2011 rad
1780 1942 2006 2008 urbem
2052 1953 2325 2010 vestram
2363 1952 2499 2007 ten-

519 2067 524 2072 ·
563 2050 714 2116 dere
768 2051 1081 2116 constitui.
1152 2053 1269 2116 Die
1306 2054 1600 2118 mercurii
1639 2075 1787 2138 ergo
1811 2105 1829 2133 ‚
1883 2055 1942 2119 si
1967 2052 2376 2120 commodum.
2393 2054 2504 2118 tibi

559 2162 680 2240 sit,
741 2164 843 2228 vel
889 2159 1192 2250 matutino
1245 2142 1523 2247 tempore
1547 2212 1564 2241 ‚
1614 2165 1713 2247 vel
1754 2173 1898 2249 post
1938 2161 2264 2229 meridiem
2293 2173 2501 2227 tecum

561 2294 696 2337 esse
731 2294 939 2358 spero.
1005 2274 1119 2337 Est
1158 2294 1409 2339 mecum
1435 2275 1816 2341 Genevensis
1831 2273 2087 2360 juvenis
2119 2274 2369 2337 nomine
2394 2270 2503 2338 La

562 2378 775 2446 Roche
798 2379 887 2469 (*)
906 2431 923 2460 ,
970 2383 1095 2447 ‘rei
1137 2383 1466 2448 herbariae
1517 2383 1971 2448 amantissimus
1991 2433 2009 2461 ,
2082 2383 2191 2468 qui
2241 2382 2421 2447 enixe
2464 2405 2502 2447 a

565 2511 668 2557 me
713 2492 923 2577 petiit,
982 2502 1052 2557 ut
1102 2512 1248 2557 eum
1295 2490 1377 2557 ad
1431 2501 1491 2556 te
1543 2491 1960 2566 deducerem.=
1979 2491 2240 2576 ‚Cogitat
2268 2490 2346 2556 de
2374 2491 2502 2558 dis-

567 2601 898 2667 sertatione
923 2603 1089 2674 circa
1118 2604 1377 2680 classem
1405 2605 1632 2669 Ensata
1640 2624 1781 2674 rum
1807 2600 2263 2667 conscribenda
2283 2614 2310 2679 ‚'
2332 2601 2508 2667 ideo·.
2589 2609 2612 2622 ”

567 2732 690 2797 que
743 2712 983 2796 plantas
1027 2712 1318 2777 Herbarii
1367 2714 1461 2777 tui
1511 2695 1596 2778 ad
1638 2734 1783 2779 eum
1810 2711 2092 2777 ordinem
2121 2711 2500 2797 pertinentes

564 2823 943 2908 perlustrare
990 2832 1155 2890 avet.
1234 2821 1500 2888 Adferet
1527 2874 1544 2904 ‚
1596 2846 1783 2911 quem
1834 2824 1967 2908 ipse
1998 2822 2241 2906 collegit
2267 2872 2284 2899 ,
2340 2822 2505 2888 Ixia-

567 2952 712 2997 rum
754 2941 816 2996 et
856 2930 1287 2998 Gladiolorum
1317 2944 1683 3021 apparatum
1708 2985 1725 3012 ,
1771 2943 1833 2997 et
1866 2934 2050 3020 simul
2073 2933 2286 2996 icones
2318 2954 2506 3018 quas·-

571 3036 719 3110 dam
740 3089 756 3118 ‚
804 3043 1028 3126 quihus
1052 3044 1561 3109 Dissertationem
1592 3064 1770 3107 suam
1791 3043 2208 3106 illustraturus
2239 3051 2370 3106 est..
2437 3043 2505 3108 Si

569 3150 888 3238 permittas
934 3151 1112 3220 illum
1162 3176 1412 3219 mecum
1444 3152 1760 3228 adducere
1778 3204 1795 3233 ,
1838 3149 2257 3239 gratissimum
2287 3152 2508 3220 facies.

572 3259 728 3326 Vale
758 3271 820 3327 et
846 3263 1014 3331 fave.

660 3370 807 3438 Dat.
840 3372 1065 3459 Ultraj.
1100 3375 1143 3440 9
1169 3373 1339 3463 Aug.
1372 3362 1567 3443 176'6.

656 3648 728 3728 (*)
772 3647 1163 3710 verisimiliter
1211 3644 1364 3706 idem
1422 3660 1543 3719 est,
1608 3647 1760 3727 cujus
1815 3646 2126 3708 dissertatio
2154 3633 2505 3707 memoratur

577 3765 611 3803 a
636 3745 736 3820 Fr.
770 3766 803 3805 a
824 3744 1025 3803 Miltitz
1053 3743 1113 3801 in
1139 3764 1236 3802 sua
1255 3742 1605 3804 Bibliotheca
1629 3742 1893 3803 Botanica
1919 3761 1980 3826 Ρ.
2009 3765 2084 3826 97
2107 3765 2127 3802 τ

658 3839 828 3899 Dan.
855 3839 1173 3899 Delamhe
1192 3883 1209 3910 ‚
1238 3839 1388 3898 Diss.
1419 3839 1613 3899 sistens
1641 3838 2040 3924 descriptiones
2067 3837 2380 3919 plantarum
2401 3835 2507 3896 ali-

579 3947 715 4017 quot
735 3954 1030 4002 novarum.
1079 3930 1261 4014 Lugd.
1292 3934 1416 3993 Bat.
1455 3932 1609 4014 1766
1630 3978 1646 4006 ,
1678 3932 1782 4010 4¹⁰.
1878 3981 1887 3991 ,
1978 3943 1986 3952 ‘
