2952 5080
500 514 558 556 ι.
589 509 919 556 sumnum
1393 481 1525 550 168
1991 501 2412 549 somnum.

501 737 693 805 qnam
720 715 996 783 visarum
1021 729 1329 800 messem3
1387 706 1752 816 praesertim
1782 727 1926 773 cum
1955 709 2167 795 plures
2205 710 2396 776 insint
2411 761 2428 792 ,

499 827 729 914 quihus
759 823 1039 889 officinae
1077 831 1323 892 nostrae
1351 827 1612 882 utuntur
1639 866 1657 896 ,
1709 827 1771 881 et
1797 819 2026 903 quibus
2053 821 2296 904 plenior
2320 821 2436 886 lux

496 933 859 1003 adfunditur
902 935 1076 1004 hisce
1103 930 1472 1026 laboribu83
1521 927 1779 995 Invideo
1808 929 1940 992 fere
1971 928 2276 1017 Rumphii
2303 934 2434 997 feli.

495 1048 704 1121 citati,
753 1046 855 1113 eui
898 1030 1116 1109 datum
1152 1040 1310 1128 fuit,
1338 1025 1635 1126 praesens
1687 1048 1911 1105 cuneta
1940 1049 2002 1103 et
2030 1040 2300 1106 viventia
2330 1040 2434 1106 de·

493 1178 774 1245 cei-pere.
854 1135 1262 1237 summopere
1308 1161 1515 1219 autem
1564 1143 1821 1218 aestimo
1850 1200 1867 1230 ‚
1920 1151 2317 1236 maximoque
2365 1152 2434 1215 in

491 1269 692 1352 pretio
715 1265 918 1331 habeo
948 1272 1158 1341 tuam,
1196 1259 1316 1330 Vir
1338 1257 1606 1339 Ex'cell.‚
1645 1237 2135 1340 dexteritatem*
2154 1282 2342 1346 quam
2364 1260 2433 1326 in

490 1365 891 1442 enucleandis
911 1382 973 1438 et
998 1370 1079 1436 ad
1104 1391 1216 1434 sua
1242 1391 1472 1457 genera
1498 1367 1871 1434 reducendis
1904 1370 2161 1456 singulis
2181 1417 2199 1447 ‚
2237 1391 2428 1455 quan·

488 1496 624 1549 tum
671 1484 807 1549 fieri
854 1482 1054 1568 potuit
1098 1479 1165 1543 in
1181 1509 1186 1518 ·
1201 1478 1638 1545 incertitudine
1679 1477 1997 1544 interdum
2024 1501 2154 1544 non
2180 1501 2375 1566 parva
2396 1503 2420 1559 ·‚

485 1593 735 1681 egregie
758 1589 1137 1676 praestitisti.
1185 1589 1336 1653 Mihi
1366 1610 1516 1653 sane
1546 1609 1881 1654 succenseo
1910 1639 1927 1667 ,
1962 1590 2122 1654 haec
2149 1588 2424 1655 conside-

486 1702 648 1766 ranti
676 1749 694 1779 ‚
753 1701 862 1787 qui
881 1699 1105 1764 'herbis
1137 1698 1578 1785 vulgatissimis
1610 1699 1941 1785 quotannis
1987 1702 2425 1785 comtemplan-

484 1808 581 1874 dis
609 1808 904 1875 insudare
930 1827 1124 1896 cogor
1150 1857 1167 1885 ,
1228 1791 1387 1893 quae
1411 1808 1527 1872 etsi
1559 1829 1701 1872 suas
1729 1858 1746 1886 ‚
1791 1809 1864 1873 ut
1891 1810 2052 1873 nosti
2077 1859 2094 1887 ,
2153 1806 2424 1895 posside-

482 1929 591 1984 ant
634 1918 887 1986 delicias
911 1968 928 1999 ,
980 1923 1228 1983 tantum·
1259 1925 1466 1981 tamen
1504 1917 1666 1981 forte
1700 1903 1981 1983 animum
2009 1968 2026 1996 ,
2072 1917 2298 1983 iisdem
2319 1917 2424 1982 ob-

472 2025 656 2113 jectis
688 2029 919 2093 sensim
950 2028 1134 2092 nimis
1165 2021 1494 2092 adsuetum
1523 2076 1540 2104 ,
1592 2048 1721 2091 non
1750 2037 2075 2108 recreant,
2120 2038 2423 2116 quantum

479 2157 592 2202 eae
619 2185 638 2215 ‚
689 2159 852 2225 quae
896 2137 1169 2203 novitate
1199 2123 1381 2201 et'tot
1403 2137 1540 2201 aliis
1563 2137 1755 2202 titulis
1787 2159 1924 2202 sese
1953 2138 2417 2205 commendant.

479 2248 873 2314 Helvetidum
928 2246 1221 2334 equidem
1268 2247 1389 2326 iter
1428 2268 1642 2312 meum
1682 2246 1990 2334 quaedam
2041 2249 2228 2312 etiam
2264 2249 2418 2313 mihi

481 2359 706 2423 obtulit
745 2381 871 2448 non
907 2359 1152 2445 ingrata
1181 2406 1198 2435 ,
1254 2355 1407 2422 dum
1454 2379 1570 2442 per
1598 2366 1876 2422 montem
1903 2358 2080 2423 Pilati
2111 2407 2129 2436 ,
2184 2379 2419 2445 pagum
2458 2359 2465 2368 '

481 2465 1084 2532 Unde'rwaldensem
1110 2514 1129 2542 ‚
1158 2466 1529 2553 Vallemque
1558 2467 1927 2531 Haslensem
1954 2467 2280 2552 peragravi
2303 2516 2320 2546 ,
2355 2475 2421 2531 et

482 2588 697 2665 postea
737 2576 965 2645 Arolae
1009 2579 1208 2644 fontes
1246 2580 1311 2643 in
1340 2579 1717 2644 Grimsulam
1747 2588 2026 2644 montem
2052 2588 2419 2666 prosecutus

483 2706 623 2752 snm
652 2737 669 2765 ‚
717 2676 846 2775 quo
871 2709 1070 2775 usque
1100 2686 1182 2753 ad
1212 2709 1455 2753 summa
1487 2697 1778 2773 superato
1803 2739 1819 2766 ‚
1880 2709 1984 2752 me
2011 2688 2077 2752 in
2106 2688 2419 2755 Valesiam

484 2796 705 2863 demisi
733 2848 751 2877 ,
782 2819 1044 2884 eamque
1075 2798 1447 2883 profundius
1476 2807 1933 2885 perreptassem
1958 2848 1976 2877 ,
2010 2797 2130 2862 nisi
2156 2806 2416 2882 tempes-

482 2908 621 2972 tatis
649 2905 1048 2973 incommoda
1074 2930 1177 2972 me
1207 2909 1555 2996 coegissent
1579 2959 1596 2988 ‚
1619 2931 1735 2994 per
1762 2908 2129 2985 altissimum
2148 2908 2418 2972 Furcam

482 3027 760 3082 montem
777 3020 843 3083 in
868 3016 1112 3087 Vallem
1137 3021 1517 3085 Urseranam
1536 3069 1553 3098 ‚
1584 3041 1662 3083 ex
1688 3019 1811 3084 hac
1833 3017 2089 3083 demum
2119 3020 2418 3106 Tigurum

471 3148 701 3195 versus
729 3179 747 3208 ,
775 3126 1002 3215 pedem
1031 3130 1292 3194 referre.
1363 3131 1630 3194 Tantum
1661 3137 1868 3193 tamen
1891 3129 2162 3215 profeci,
2189 3139 2261 3194 ut
2289 3148 2417 3194 non

483 3240 687 3303 solum
712 3241 1009 3326 pleraque
1034 3289 1051 3316 ‚
1106 3260 1267 3325 quae
1298 3240 1362 3304 in
1393 3238 1759 3304 Gesneriani
1789 3239 1993 3324 operis
2025 3239 2278 3326 reliquis
2311 3262 2424 3306 vo-

482 3350 821 3414 luminibus
837 3401 853 3428 ,
879 3370 1039 3437 quae
1056 3351 1326 3435 primum
1346 3400 1362 3429 ‚
1395 3314 1728 3415 Prodiomi
1756 3350 1952 3414 instar
1967 3351 2379 3437 praemissum
2398 3402 2415 3433 ,

483 3459 793 3544 excipient
821 3509 837 3538 ‚
892 3469 1268 3537 occurrunt,
1326 3458 1437 3523 sed
1462 3469 1525 3523 et
1554 3461 1737 3545 plura
1766 3459 1886 3524 alia
1916 3460 2260 3526 invenerim
2278 3511 2294 3540 ‚
2331 3464 2423 3524 in-

483 3577 579 3632 ter
622 3591 782 3655 quae
827 3571 1022 3636 Musei
1057 3571 1294 3657 species
1327 3581 1421 3635 est
1447 3621 1463 3649 ,
1523 3569 1982 3636 Buoehaumt‘ae
2011 3572 2265 3638 omnino
2307 3568 2421 3634 ad-

484 3680 871 3749 numeranda
888 3732 905 3760 ,
963 3680 1140 3768 cujus
1194 3682 1677 3768 descriptionem
1724 3683 1980 3748 molirer
2001 3731 2020 3757 ,
2076 3684 2128 3747 si
2175 3693 2416 3765 tempus

483 3791 714 3877 patitur
740 3818 758 3876 3
787 3793 1041 3880 ¹figuras
1062 3793 1228 3857 enim
1254 3794 1493 3880 aliquas
1520 3794 1585 3860 in
1613 3794 1749 3881 ipsa
1778 3795 1881 3859 via
1909 3772 2173 3859 consocii
2198 3788 2417 3855 ‘Musei

487 3898 675 3985 hujus
726 3900 1104 3987 exemplaria
1133 3903 1337 3968 statim
1357 3901 1497 3988 jam
1534 3904 1838 3969 misissem
1866 3952 1883 3982 ,
1928 3902 2046 3967 nisi
2071 3899 2181 3964 illo
2203 3897 2420 3965 adhue
