2952 5080
574 552 649 594 m.
674 553 732 594 ι,;
756 551 1100 595 amnuo
1468 533 1606 600 260
1981 584 2010 605 ,.
2151 554 2504 602 nunnae.

567 758 1028 823 accuratissime
1074 760 1441 853 visitentur3
1509 759 1806 848 quodque
1857 758 2048 827 modo
2107 758 2270 826 adeo
2314 762 2421 828 vili
2475 786 2513 827 a

498 946 503 951 Α
563 870 603 934 J
604 870 865 954 aponiea
893 869 1131 934 sextina
1158 880 1502 936 tractentur
1527 922 1543 950 ‚
1600 880 1672 936 ut
1703 872 1937 938 veritas
1966 870 2178 937 verbis
2219 888 2515 959 expressa

567 978 857 1045 sordeat.·
883 982 1144 1051 :Misera
1172 983 1349 1048 ,haec
1368 983 1662 1051 metatio
1694 980 1774 1049 de
1801 1002 1986 1052 anno,
2005 982 2082 1053 in
2098 1003 2338 1053 annum
2358 994 2548 1049 sem'-'

565 1090 679 1177 per
721 1100 904 1155 antea
949 1091 1238 1179 augendo
1260 1152 1269 1159 ,
1291 1093 1522 1167 erevit,
1567 1091 1705 1177 jam
1731 1113 1883 1159 vero
1909 1090 2035 1157 hoe
2080 1094 2220 1178 ipso
2254 1117 2511 1160 curren-

563 1209 627 1263 te
668 1222 830 1266 anno
875 1201 1033 1265 illud
1074 1203 1270 1287 attigit
1298 1203 1648 1289 fastigium,
1698 1211 1769 1265 ut
1811 1204 1954 1287 plus
2005 1224 2131 1267 non
2150 1205 2349 1269 ultra.
2423 1207 2515 1269 U-

564 1311 706 1375 nica
747 1333 925 1396 ergo,
977 1334 1138 1399 quae
1162 1314 1339 1412 mihi
1375 1323 1674 1411 superest
1693 1333 1889 1410 spes»,
1967 1313 2213 1400 plantas
2265 1337 2513 1381 earum-

564 1443 688 1508 que
712 1424 946 1488 semina
978 1402 1363 1545 aecipiendi,
1409 1434 1549 1503 est,
1595 1422 1768 1513 quod
1795 1423 2019 1489 Medici
2049 1426 2373 1512 Japoniei,
2423 1427 2508 1492 fa·

563 1531 680 1594 eile
733 1553 989 1623 omnes,
1040 1534 1383 1598 Botanioen
1434 1552 1833 1620 summopere
1882 1543 2088 1599 ament
2126 1536 2508 1620 plantarum-

562 1663 685 1727 que
732 1616 1057 1729 qualitates
1088 1655 1150 1709 et
1176 1646 1342 1710 vires
1382 1644 1658 1711 medieas
1705 1645 1788 1710 ab
1813 1647 2038 1710 exteris
2064 1647 2377 1712 Botanieis
2399 1647 2503 1713 ad-

555 1753 879 1834 discendi,
923 1777 1185 1823 summa
1222 1756 1604 1844 <eupiditate
1626 1757 1966 1845 flagrent.
2013 1759 2139 1823 Per
2166 1760 2358 1824 hosoe
2387 1761 2502 1825 Bo-

555 1866 904 1951 tanophilos
942 1876 1116 1951 eerte
1142 1886 1340 1954 :spero
1360 1920 1377 1949 ‚
1434 1869 1553 1935 snb
1594 1868 1815 1934 itinere
1859 1866 1938 1935 ad
1974 1870 2373 1955 Imperatoris
2400 1891 2507 1936 au*

553 1979 682 2043 lam
706 2028 724 2053 ,
774 1981 1062 2065 proximo
1088 1982 1310 2046 Martio
1335 1971 1713 2049 instituendo
1734 2033 1750 2062 ,
1805 2003 1906 2055 me
1937 1984 2119 2067 plura
2144 1983 2383 2047 semina
2406 2003 2496 2047 ar·

549 2089 780 2155 borum
794 2092 1225 2180 'fruticumque
1249 2104 1311 2159 et
1333 2094 1698 2160 arbusculas
1729 2095 1904 2161 vivas
1929 2094 2384 2181 acquisiturum
2411 2094 2500 2158 fo·

548 2220 618 2268 re
637 2256 653 2281 ‚
676 2215 764 2269 .et
778 2206 1001 2287 forsan
1028 2209 1165 2294 ipse
1189 2207 1343 2294 quid
1363 2205 1548 2292 juxta
1572 2209 1741 2274 viam
1771 2207 2063 2293 colligere
2090 2215 2310 2292 potero
2327 2256 2344 2285 ‚
2405 2206 2496 2269 in-

545 2316 797 2382 terd-um
824 2340 1107 2383 oareeres
1138 2320 1441 2385 Norimon
1458 2341 1775 2404 egressus,
1844 2318 1977 2383 Sub
2000 2317 2494 2381 commoratione

546 2449 687 2494 mea
733 2431 875 2495 heio
906 2431 1201 2496 trimestri
1215 2432 1305 2495 aab
1324 2429 1773 2516 interpretibus
1806 2431 1846 2492 J
1848 2429 2123 2513 aponieis
2160 2428 2378 2492 varias.
2397 2448 2494 2492 ao-

547 2540 773 2626 quisivi
793 2543 1038 2627 plantas
1056 2592 1072 2622 ,
1098 2543 1326 2627 partim
1342 2538 1550 2603 medio
1569 2559 1909 2604 munerum
1928 2588 1944 2616 ‚
1964 2538 2202 2624 partim
2223 2539 2489 2626 argenti,

544 2649 657 2715 sed
690 2653 957 2716 *metallo
1000 2672 1190 2716 aureo
1228 2652 1360 2716 fere
1412 2648 2050 2733 eariores1evadunt3
2123 2648 2492 2732 interpretes

542 2762 710 2826 enim
729 2812 745 2840 ,
778 2764 898 2849 ipsi
916 2785 953 2827 a
977 2761 1340 2828 custodibus
1364 2759 1819 2827 aliis‘oustoditi
1838 2809 1856 2834 ,
1873 2760 1995 2828 wir
2017 2758 2366 2845 quidquam
2382 2780 2495 2824 no·

539 2871 784 2938 hiscum
821 2876 1285 2940 communicare
1309 2883 1371 2938 et
1407 2896 1488 2938 ne
1519 2870 1778 2960 quidem
1802 2893 2119 2938 eameram
2136 2871 2485 2957 Europaei,

542 2984 793 3072 ingredi
818 2984 1076 3051 audent.
1155 2989 1292 3075 Ego
1310 2995 1488 3052 :oerte
1518 3007 1846 3071 nunquam
1863 2984 2165 3050 limitibus
2197 2982 2355 3048 adeo
2391 3004 2494 3047 ar-
2539 3011 2540 3014 ¹

543 3096 657 3160 etis
685 3095 1189 3182 circumscriptus
1214 3097 1305 3160 fui
1323 3147 1340 3176 ‚
1371 3093 1695 3181 nunquam
1717 3095 1925 3159 minus
1944 3094 2106 3159 liber
2127 3142 2143 3172 ,
2168 3114 2494 3179 nunquam

542 3207 740 3293 magis
794 3228 834 3271 a
880 3208 1087 3272 Flora.
1118 3206 1438 3272 carissima
1487 3207 1757 3271 arcitus:
1830 3226 1959 3270 non
1991 3214 2223 3273 ,tamen
2267 3203 2493 3290 despe-

488 3401 489 3404 ,
542 3339 615 3383 ro
633 3343 663 3403 ςΔ
706 3340 855 3384 nam
876 3320 1218 3407 >ingenium
1262 3328 1324 3383 et
1364 3318 1553 3412 tabor
1602 3318 1929 3405 improbus
1968 3316 2180 3382 omnia
2204 3317 2487 3383 vineunt.

539 3429 790 3495 Plantas
831 3431 971 3496 illas
992 3482 1009 3509 ‚
1062 3448 1217 3517 quas
1246 3430 1374 3494 huo
1407 3450 1610 3522 usque
1639 3452 1755 3516 per
1793 3430 2165 3515 interpretes
2194 3428 2370 3518 hene¹
2396 3449 2495 3494 re-

544 3551 900 3608 muneratas
931 3543 1256 3629 acquirere
1279 3542 1452 3629 potui
1479 3591 1495 3620 ‚
1538 3542 1799 3607 siccatas
1822 3550 1884 3626 et
1907 3541 2125 3606 eharto
2152 3538 2491 3627 adglutina-

540 3663 633 3719 tas
669 3653 808 3740 jam
854 3654 937 3720 ad
969 3656 1243 3720 Hortum
1287 3652 1916 3734 medioumvestrum
1942 3653 2121 3717 mitto
2146 3701 2164 3731 ,
2216 3672 2361 3716 oum
2383 3646 2488 3712 ad·

538 3766 780 3853 seriptis
806 3766 1168 3831 nominibus
1184 3814 1201 3840 ,
1247 3764 1418 3830 uude
1440 3764 1624 3831 facile
1646 3763 1863 3830 videre
1894 3770 2029 3843 est,
2079 3760 2251 3848 quod
2274 3761 2487 3844 plures

540 3877 662 3940 sint
685 3927 699 3954 ,
756 3899 918 3964 quae
961 3879 1217 3942 omnino
1263 3897 1463 3942 novae
1508 3887 1570 3942 et
1611 3875 1958 3960 incognitae
2000 3883 2063 3936 et
2108 3893 2187 3935 ne
2228 3867 2488 3955 quidem

538 4005 574 4050 a
590 3985 952 4054 doetissimo
973 3988 1270 4072 etlynoeo
1285 3987 1345 4049 in
1362 3987 1583 4050 ceteris
1603 3984 1985 4068 Kaempt‘ero
2008 4030 2024 4059 ‚
2050 3976 2481 4048 inAmoenita-
