2952 5080
515 527 779 575 unum
1453 508 1537 571 14
1968 533 2023 574 J.
2062 532 2452 581 annuamus,

568 837 653 913 Ἴ8,.
693 804 701 812 ’
1140 840 1434 911 cmm
1479 852 1817 913 muman

1373 980 1441 1042 s,
1509 980 1593 1042 D.

1384 1096 1447 1160 J.
1483 1096 1561 1162 B.

506 1256 761 1358 Laetus
796 1292 1076 1357 sausmm
1112 1292 1181 1356 in
1201 1292 1470 1378 patriam
1490 1290 1764 1358 redium
1792 1312 1872 1356 ex
1905 1294 2126 1359 utteris
2145 1296 2270 1361 tuis
2295 1314 2446 1383 cog-

505 1404 652 1469 novi
668 1453 686 1483 ,
737 1401 1280 1488 desideratamque
1323 1401 1435 1468 diu
1465 1423 1614 1469 cum
1643 1404 1844 1468 amica
1869 1413 1980 1469 tua
2021 1404 2402 1470 consortium
2415 1404 2448 1484 ‚⁷

505 1535 697 1600 quam
718 1534 982 1579 uxorem
1009 1513 1125 1577 tibi
1148 1512 1327 1579 brevi
1348 1514 1628 1579 futuram
1656 1534 1737 1579 ex
1765 1515 1974 1580 animo
1999 1533 2235 1582 voveo.

595 1624 843 1688 Plantas
869 1624 1021 1688 olim
1041 1624 1197 1688 mihi
1221 1624 1829 1709 sancte-promissas,
1879 1645 2042 1711 quas
2065 1624 2286 1690 scribis
2314 1626 2447 1690 nul-
2547 1704 2554 1709 ,

501 1737 564 1799 la
605 1743 861 1821 excepta
890 1755 1005 1822 pro
1034 1755 1143 1798 ¹me
1188 1743 1250 1797 te
1300 1734 1624 1821 collegisse
1641 1784 1659 1814 ,
1712 1733 1937 1800 lubens
1955 1786 1972 1817 ,
2032 1736 2085 1800 si
2112 1734 2200 1801 ita
2219 1735 2334 1800 tibi
2361 1737 2449 1802 vi·

502 1867 645 1911 sum
666 1847 855 1911 fuerit
873 1897 890 1926 ‚
925 1843 1300 1932 exspectabo
1329 1854 1634 1933 gratoque
1656 1842 1866 1913 auimo
1896 1848 2201 1934 accipiam
2217 1898 2234 1927 ‚
2264 1847 2450 1912 mira·

503 1964 681 2020 turus
733 1954 1051 2020 undenam
1093 1955 1257 2019 intra
1307 1962 1437 2021 tam
1474 1954 1671 2021 breve
1730 1957 2034 2043 temporis
2071 1956 2346 2042 spatium·
2370 1976 2448 2021 ex

503 2065 917 2131 remotissima
955 2085 1031 2130 ao
1050 2063 1302 2131 ‘deserta
1325 2067 1649 2151 Lapponia
1670 2068 1809 2132 illas
1833 2085 2210 2154 recuperare
2236 2068 2449 2132 vulne·
2537 2048 2548 2063 ⁵

502 2173 624 2258 ris3
674 2175 740 2239 in
784 2175 984 2262 patria
1017 2176 1185 2238 enim
1211 2184 1319 2239 tua
1348 2176 1436 2239 ita
1458 2176 1680 2242 obvias
1704 2195 1841 2239 esse
1870 2177 1986 2269 vix.
1999 2176 2321 2260 percipere
2333 2192 2448 2259 'po-

501 2285 625 2363 tui,
675 2304 795 2347 nec
823 2293 957 2348 tam
984 2304 1170 2371 aegre
1194 2274 1474 2349 tulissem
1504 2294 1643 2351 tum
1672 2284 1999 2370 temporie,
2046 2285 2100 2347 si
2130 2283 2446 2348 scivissem

500 2394 823 2479 promissis
836 2404 896 2458 te
909 2404 1070 2459 stare
1084 2417 1211 2460 non
1225 2418 1430 2482 posse,
1452 2418 1645 2483 quam
1655 2416 1854 2482 quum
1864 2392 2146 2466 viderem
2156 2394 2290 2458 aliis
2305 2415 2447 2461 con-

498 2505 765 2571 cessisse
781 2507 887 2573 illa
910 2555 927 2586 ‚
972 2529 1132 2595 quae
1155 2530 1295 2575 mea
1308 2507 1446 2594 jam
1478 2515 1684 2573 essent
1712 2515 1774 2571 et
1801 2505 1957 2569 mihi
1987 2505 2095 2574 illa
2134 2503 2461 2594 denegare·

503 2638 581 2682 ac
596 2618 910 2704 surripere
924 2621 1143 2709 religio
1166 2621 1279 2685 tibi
1303 2619 1621 2685 debuisset
1637 2618 1863 2697 fuisse,
1894 2639 2094 2703 quum
2116 2619 2324 2684 omnia
2342 2620 2446 2684 be·
2467 2629 2486 2652 ²

505 2729 747 2808 assicia,
777 2752 936 2817 quae
955 2734 1234 2819 inpatria
1251 2742 1464 2796 nostra
1479 2730 1829 2809 obtinuisti,
1857 2749 2001 2794 meo
2013 2730 2288 2816 impulsu
2299 2749 2450 2795 con-

503 2848 790 2904 secutum
810 2850 870 2905 te
900 2842 1092 2907 fuisse
1113 2841 1284 2929 apud
1317 2861 1534 2907 omnes
1565 2849 1808 2905 constat
1817 2863 1836 2924 3
1877 2837 2088 2904 omnia
2114 2859 2267 2905 vero
2293 2840 2452 2906 hacc

503 2953 831 3016 enucleare
871 2965 1032 3018 esset
1072 2955 1389 3040 ingratum
1433 2951 1815 3038 exprobrare
1856 2952 2138 3016 animum
2153 3001 2170 3032 ,
2221 2959 2451 3015 transe-

506 3071 617 3127 ant
645 3065 850 3150 itaque
893 3087 1039 3130 cum
1062 3066 1337 3145 caeteris.
1376 3066 1461 3129 -Si
1495 3067 1753 3128 memor‘
1768 3063 1892 3127 mei
1915 3063 2091 3128 vivas
2140 3079 2448 3127 meorum-

505 3199 632 3264 que
662 3180 724 3243 in
758 3190 818 3246 te
856 3179 1305 3245 beneficiorum
1319 3230 1336 3259 ,
1367 3175 1522 3259 erit{
1560 3199 1690 3265 quo
1720 3179 1876 3243 mihi
1906 3178 2188 3264 gratuler
2202 3227 2220 3257 ,
2252 3178 2452 3244 culto—

506 3310 766 3377 remque
789 3313 1002 3355 meum
1035 3291 1222 3355 simili
1250 3290 1646 3358 observantia
1678 3293 1883 3356 colam
1901 3340 1917 3368 ‚
1956 3288 2131 3375 quod
2157 3309 2284 3354 non
2309 3311 2449 3355 ver-

507 3401 592 3466 ba
611 3453 627 3480 ‚
662 3402 774 3466 sed
805 3404 967 3467 facta
992 3403 1314 3480 evincant,
1348 3424 1426 3467 ac
1457 3424 1527 3467 re
1550 3404 1688 3488 ipsa
1717 3402 2012 3488 probent.

598 3513 757 3578 Novi
781 3513 888 3578 hic
911 3513 1065 3577 nihil
1093 3512 1321 3577 habeo.
1368 3514 1442 3576 In
1472 3514 1699 3599 plantis
1723 3513 2095 3599 capensibus
2110 3563 2126 3591 ,
2162 3531 2314 3596 quas
2337 3530 2452 3594 per

509 3622 779 3689 decades
821 3625 1028 3717 edere·
1061 3627 1349 3691 constitui
1366 3676 1382 3703 ‚
1432 3623 1571 3710 jam
1618 3647 1761 3689 sum
1810 3635 2180 3711 occupatus:
2234 3630 2452 3686 octava

497 3731 638 3818 jam
667 3756 883 3800 earum
914 3736 1290 3821 imprimitur
1308 3787 1324 3814 ‚
1365 3734 1526 3801 duae
1552 3746 1820 3816 restant,
1867 3755 2027 3821 quae
2059 3731 2314 3796 arbores
2344 3730 2453 3793 illi·

511 3866 587 3910 us
608 3844 876 3934 regionis
900 3847 1414 3930 complectentur3
1444 3848 1497 3911 si
1516 3849 1860 3937 centuriam
1881 3844 2209 3909 absolvero
2229 3891 2245 3919 ‚
2283 3838 2456 3927 quod

512 3957 633 4020 hac
694 3957 915 4040 hyeme
979 3958 1418 4039 praestiturum
1464 3981 1565 4022 me
1616 3979 1795 4044 posse
1850 3952 2096 4021 confido
2120 4002 2134 4031 ‚
2196 3951 2458 4017 sufficiet
