2952 5080
517 555 573 597 π.
601 537 932 598 nmmo
1409 532 1535 597 125
1806 587 1815 600 ,
2122 553 2442 598 mannos.

517 759 642 824 hoc
681 761 918 824 malum
932 807 950 837 ‚
1012 765 1259 845 gratum
1307 758 1463 822 mihi
1509 759 1673 823 foret
1710 756 1927 823 audire
1950 775 1977 836 ‚2
2018 780 2450 847 quaecumque

517 870 815 936 auxilium
855 869 1197 938 attulissent
1215 916 1234 941 ,
1282 888 1531 954 quaeve=
1566 890 1717 934 nou.
1785 865 1890 934 An
1934 867 2218 938 Deoades
2248 871 2455 940 Caroli

517 980 774 1045 Linnaei
797 976 1052 1044 secundi
1081 1000 1208 1042 non
1234 979 1493 1043 ulterius
1527 979 2011 1044 continuantur?
2057 1001 2137 1044 an
2162 995 2313 1046 vero
2333 983 2455 1047 alio

515 1091 635 1155 suh
658 1093 835 1156 titulo
853 1091 1095 1175 Lipsiae
1118 1091 1453 1188 impressae
1480 1089 1699 1158 fuere?
1750 1090 2082 1170 Quomodo
2105 1093 2270 1162 valet
2292 1092 2454 1160 filius

514 1212 656 1267 tuus
681 1202 902 1266 unicus
922 1251 937 1279 ‚
959 1203 1120 1274 ,olim
1147 1201 1644 1287 exoptatissimus
1669 1222 1844 1266 meus
1867 1203 2157 1287 Upsaliae
2172 1205 2414 1268 amicus
2432 1253 2449 1280 ,
2518 1267 2523 1273 .

514 1311 626 1377 sed
652 1311 731 1377 de
755 1334 881 1399 quo
910 1313 1069 1377 inter
1096 1312 1420 1376 biennium
1445 1313 1868 1398 nequicquam
1892 1311 2103 1378 audivi
2130 1334 2246 1383 nec
2268 1312 2435 1384 vidi„

603 1423 1033 1488 Pulcherrima
1068 1422 1371 1508 Capensia
1393 1423 1521 1487 hoc
1551 1443 1716 1486 anno
1744 1419 1827 1486 ad
1852 1424 2290 1502 nosfftranslata
2327 1424 2454 1487 fue-

514 1555 648 1607 ere,
673 1544 802 1599 tam
824 1535 1099 1611 Insecta,
1129 1556 1319 1620 quam
1341 1534 1602 1604 Plantae
1629 1534 1830 1606 siccae
1846 1583 1862 1611 ,
1891 1534 2053 1598 inter
2082 1555 2243 1619 quac
2271 1524 2455 1619 plura

510 1646 909 1711 inveniuntur
969 1656 1148 1710 antea
1205 1641 1489 1742 nondum
1530 1645 1699 1720 visa3
1760 1641 2104 1708 dolendum
2151 1665 2306 1708 vero
2353 1666 2455 1709 me

505 1765 596 1819 tot
642 1755 923 1821 diversae
965 1766 1223 1821 naturae
1272 1755 1789 1840 occupationibus
1840 1753 2143 1831 detineri,
2195 1765 2266 1820 ut
2309 1755 2459 1821 huic

506 1863 709 1929 studio
757 1888 857 1929 me
903 1867 1106 1930 solum
1149 1866 1474 1950 accingere
1507 1886 1847 1949 nequeam,
1904 1886 2031 1949 quo
2064 1866 2309 1929 eveniet
2325 1916 2340 1943 ‚
2390 1875 2464 1931 ut

509 1972 708 2039 Flora
742 1974 1051 2059 Capenate
1074 1973 1307 2040 tardius
1327 2024 1343 2052 ,
1387 1996 1580 2059 quam
1606 1983 1921 2059 parerat,
1950 1972 2197 2038 edenda
2226 1974 2366 2039 erit.
2424 2026 2429 2030 .

601 2086 640 2149 J
642 2086 771 2149 unii
795 2106 1010 2150 mense
1022 2085 1331 2150 transmisi
1346 2084 2084 2170 SchlosseriCatalogum‚
2112 2104 2299 2168 quem
2323 2083 2457 2156 abs·

516 2217 638 2281 que
671 2194 864 2260 dubio
887 2197 1187 2282 ‘recepisti
1201 2221 1219 2280 3
1261 2218 1341 2268 ex
1360 2196 1485 2260 hac
1510 2195 1877 2260 collectione
1900 2193 2172 2280 plurima
2200 2214 2317 2278 pro
2346 2193 2458 2257 Duo

513 2302 593 2368 de
635 2304 800 2370 Geer
845 2306 1170 2390 Toparcha
1213 2303 1293 2374 de
1317 2304 1569 2370 Loefsta
1603 2304 1724 2380 emi
1740 2352 1758 2381 ,
1812 2300 1987 2389 apud
2006 2323 2196 2388 quem
2221 2302 2461 2391 rariora

513 2412 729 2479 Indica
759 2411 972 2479 videre
1006 2415 1261 2500 poteris.
1336 2414 1435 2478 Nil
1468 2414 1616 2480 novi
1648 2434 1838 2499 porro
1865 2408 2457 2482 communicandum

515 2524 672 2606 scio;
725 2525 932 2590 valeas
976 2524 1183 2620 itaque
1215 2526 1311 2591 Cl.
1347 2526 1445 2591 vir
1475 2527 1903 2611 salutatusque
1930 2546 1975 2590 a
1999 2521 2316 2603 carissimo
2347 2523 2456 2588 Pa-

515 2644 687 2703 rente
715 2656 817 2699 me
848 2635 1062 2701 favore
1091 2637 1386 2721 prosequi
1413 2657 1664 2722 pergas,

595 2932 695 2992 60.
1154 2920 1609 3023 Amplissimo
1661 2927 1829 2988 Viro

1089 3072 1213 3126 no.
1256 3040 1365 3128 Jo.
1413 3040 1881 3140 BURMANN0‚

978 3178 1351 3255 Benffaetori
1383 3186 1456 3236 et·
1455 3179 1710 3254 fautori
1737 3184 2003 3255 antiquo,

1289 3346 1298 3369 .-
1334 3302 1404 3366 S.
1430 3302 1531 3365 Pl.
1558 3301 1641 3365 D.
1732 3364 1737 3371 .

1231 3437 1396 3493 can.
1433 3437 1483 3490 A
1510 3413 1764 3490 mnne.
1796 3510 1801 3515 ι

523 3603 802 3711 Quoties
846 3648 883 3691 e
936 3626 1324 3692 celeberrimi
1373 3624 1513 3690 Fini
1558 3623 1671 3691 Tui
1711 3588 1939 3686 utteris
1958 3618 2208 3705 percepi
2235 3618 2320 3681 Te
2355 3617 2457 3681 eti-

519 3761 774 3804 amnum
825 3738 1033 3804 valere
1052 3787 1070 3816 ‚
1118 3736 1298 3800 toties
1346 3754 1593 3799 summo
1628 3730 1857 3819 gaudio
1878 3728 2170 3816 perfusus
2194 3727 2283 3791 fui
2296 3753 2314 3812 3
2372 3729 2457 3792 Te

517 3850 684 3913 enim
729 3850 1150 3914 honestiorem
1180 3845 1328 3911 novi
1366 3844 1682 3908 neminem
1702 3893 1717 3923 ‚
1776 3842 2089 3908 neminem
2128 3837 2208 3904 de
2230 3860 2299 3903 re
2321 3838 2458 3902 her-

518 3959 698 4027 baria·
715 3960 906 4028 hodie
930 3960 1151 4027 melius
1178 3958 1492 4026 meritum.
1613 3960 1616 3964 ’
